4618 5348
1142 359 1431 438 ..,4...

455 591 459 608 ·
548 540 728 641 pellucide
752 536 998 642 inveniuntur.
1024 572 1074 630 7-
1104 537 1151 605 In
1178 533 1303 606 multis
1328 511 1434 621 aliis,
1448 535 1539 608 locis
1556 536 1665 608 variis
1682 555 1806 608 contra
1827 538 1955 610 hiemis
1973 543 2040 620 ¹in·

548 687 659 778 jurias
695 679 864 768 munitis,
897 676 1076 772 plantulas
1110 691 1271 761 nostras,
1304 675 1501 750 sub'N.1.
1537 701 1571 750 a.
1597 697 1633 749 et
1666 701 1698 764 3.
1734 698 1948 751 memoratas
1982 681 2039 750 in·

410 823 412 830 ’
528 827 654 910 veni,
695 825 758 898 sed
791 821 986 916 specimina
1021 835 1186 888 extremo
1214 818 1299 918 loco
1342 821 1413 910 (N.
1432 823 1493 910 3.)
1531 818 1725 912 descripta,
1761 821 1919 917 egregiae
1954 823 2036 914 pul·

549 931 785 1049 chritudinis,
818 963 858 1032 iu
890 957 968 1030 aliis
995 949 1137 1030 tantum
1171 958 1381 1044 observavi,
1415 983 1504 1056 quae
1528 983 1592 1054 per
1616 985 1751 1032 annum
1779 962 1819 1031 in
1845 933 2037 1060 vaporatio

550 1129 652 1184 erant
676 1125 843 1180 servatae
873 1107 919 1162 ..'.
952 1099 1131 1174 conferva
1157 1117 1301 1183 nostra,
1337 1117 1439 1169 caute
1470 1101 1511 1170 in
1535 1125 1662 1194 aquam
1696 1101 1827 1190 delete,
1864 1067 2038 1186 non,3ut
2077 1063 2106 1087 Ἣ

551 1253 685 1340 conjici
711 1233 839 1342 possit,
874 1245 1027 1326 ulterius
1052 1266 1122 1340 qua
1144 1238 1322 1312 conferva
1348 1242 1542 1326 excrescit,
1573 1242 1634 1344 sed
1661 1242 1753 1334 perit
1777 1241 1958 1312 citissime.
1990 1278 2037 1294 -·-

548 1403 595 1470 In
617 1389 756 1464 Muscis
776 1409 920 1480 quoque
942 1383 1127 1476 descriptis
1150 1406 1216 1452 nec
1240 1379 1457 1454 incrementi
1477 1405 1728 1482 progressum,
1753 1403 1819 1454 nec
1844 1379 2036 1454 fructifice-

315 1543 325 1552 ”
351 1543 355 1552 ’
431 1579 433 1590 =
473 1567 490 1592 ·.
523 1513 664 1608 ‘uobis
688 1527 837 1626 vestigia
858 1525 965 1624 potui
989 1523 1189 1608 observare.

472 1649 492 1662 ''
702 1637 708 1654 '
1048 1671 1079 1774 J
1137 1739 1143 1748 .
1184 1766 1186 1774 ¹
1224 1675 1260 1762 s.
1311 1677 1372 1746 vs
1913 1757 1919 1772 ¹

649 1815 832 1888 Iudicium
865 1811 960 1884 ferre
993 1837 1071 1884 non
1091 1811 1217 1902 ,audeo
1251 1811 1296 1884 de
1318 1835 1357 1882 re
1381 1807 1610 1897 difficillima,
1645 1811 1689 1881 de
1723 1833 1792 1904 qua
1828 1807 1899 1898 jam
1932 1808 2042 1878 desu·'
2121 1879 2124 1886 ,

550 1959 681 2030 derunt
705 1954 839 2027 summi
864 1956 981 2024 nostri
1001 1955 1080 2024 nevi
1096 1953 1279 2026 Botanici:
1305 1977 1351 2024 an
1365 1912 1554 2036 conferva,
1581 1977 1600 2023 a
1628 1969 1686 2022 me
1708 1951 1906 2034 observata,
1928 1948 2035 2024 semi·

262 2155 279 2184 .,
320 2175 324 2182 ,
363 2115 369 2128 ·
428 2161 432 2166 .
481 2147 484 2158 .
515 2197 521 2204 Ι
547 2101 589 2171 ni
598 2153 609 2198 ἓ
633 2089 679 2182 an
701 2094 853 2194 gemmis
874 2095 1175 2190 originem-suam
1198 2095 1343 2178 debeat,
1366 2095 1408 2165 in
1429 2097 1543 2196 humo
1563 2069 1643 2182 “iam
1654 2109 1758 2168 antu
1778 2092 1970 2187 censentis,
1990 2127 2035 2147 ν

548 2265 643 2312 anne
670 2237 793 2332 potius
818 2233 870 2308 fas
895 2235 943 2336 sit
968 2236 1161 2324 conjicere,
1184 2235 1286 2314 'oriri
1308 2237 1400 2306 hanc
1415 2259 1476 2330 ,ex
1506 2236 1632 2330 primis
1657 2233 1844 2329 principiis
1870 2233 1974 2304 humi
1998 2250 2036 2304 et

548 2405 679 2476 aquae,
697 2381 748 2458 ,vi
772 2371 917 2472 propria
938 2395 1085 2448 naturae
1107 2380 1147 2448 in
1177 2377 1446 2474 vegetationem
1473 2377 1679 2462 ruentibus,
1702 2401 1810 2472 quam
1836 2376 1875 2445 in
1900 2373 2033 2468 plantis

547 2519 708 2620 maxime
740 2517 960 2612 imperfectis
988 2517 1096 2607 hujus
1124 2518 1244 2590 classis
1272 2519 1401 2616 (Algis
1434 2538 1470 2588 et
1503 2517 1773 2611 Myoetoideis)
1802 2515 2034 2588 observamus

548 2679 624 2750 tam
657 2659 881 2745 evidentem,
915 2677 958 2730 ut
990 2659 1054 2730 vix
1081 2661 1249 2732 relictum
1286 2660 1352 2746 sit,
1386 2659 1430 2730 de
1461 2683 1534 2756 quo
1552 2635 1786 2752 dubitemus.
1851 2656 2034 2758 Quidquid

548 2821 669 2874 sutem
694 2803 758 2886 sit,
791 2794 918 2877 omnes
944 2801 1190 2872 observatores
1214 2799 1255 2870 in
1280 2815 1575 2898 eoucongruunt',
1602 2801 1800 2895 primordia
1824 2823 2035 2871 muscorum

550 2967 693 3036 semper
714 2943 904 3016 conservis
928 2943 1058 3017 intime
1078 2941 1201 3031 iuncta
1225 2924 1518 3041 progerminare3
1543 2962 1649 3040 atque
1675 2945 1765 3016 adeo
1790 2941 1911 3035 Musei
1936 2961 2034 3040 spec·

550 3087 712 3157 taculum
751 3083 857 3154 nobis
900 3084 1070 3178 praebent
1112 3083 1414 3182 jucundissimum
1452 3085 1787 3179 nretamorplmseos
1819 3083 2033 3166 continuae,

549 3228 591 3298 in
620 3251 689 3322 qua
718 3229 922 3341 plantarum
954 3225 1028 3298 vitu
1062 3248 1126 3318 per
1161 3247 1299 3324 omnes·
1322 3225 1454 3324 gradus
1485 3227 1689 3316 euoluitur,
1718 3247 1761 3300 ut
1792 3226 1932 3322 primus
1965 3244 2035 3295 nos

550 3365 676 3438 docuit
701 3367 962 3454 illustrissimus
990 3367 1147 3452 Goetlse,
1174 3370 1306 3462 patriae
1329 3366 1448 3439 decus.

650 3511 739 3578 Non
771 3529 940 3599 possum,
977 3508 1087 3604 quin,
1120 3527 1246 3580 nactus
1282 3510 1529 3597 occasionem,
1564 3535 1675 3608 panca
1703 3511 1743 3582 in
1769 3510 1929 3584 medium
1952 3533 2036 3604 pro-

548 3645 683 3730 leram,
715 3668 871 3739 quorum
896 3647 1154 3735 similitudine,
1179 3652 1218 3722 in
1245 3669 1399 3744 utroque
1420 3671 1534 3745 regno
1552 3652 1756 3724 viventium
1780 3653 1908 3739 obvie,
1936 3655 2038 3748 plan·

549 3805 607 3858 tae
629 3811 713 3856 cum
736 3786 960 3859 'animalibus
991 3789 1149 3862 conferri
1182 3815 1288 3886 posse
1312 3790 1521 3876 videantur,
1556 3795 1601 3866 de
1632 3793 1763 3887 quibus
1789 3795 1897 3868 docte
1919 3813 2037 3889 nuper

551 3927 721 3998 disseruit
750 3929 965 4020 perillustris
996 3938 1228 4031 Brugmuns,
1261 3933 1327 4006 Vir
1360 3933 1404 4003 de
1436 3934 1584 4007 scientia
1615 3935 1770 4006 naturali
1801 3937 2036 4031 praemulsis

548 4063 825 4148 meritissimus,
849 4070 951 4158 cujus
973 4071 1011 4141 in
1034 4099 1094 4144 me
1115 4099 1262 4170 meaque
1283 4075 1398 4147 studia
1421 4077 1582 4148 favorem
1604 4094 1764 4170 semper,
1789 4079 1877 4148 dum
1898 4079 2033 4164 vivam,

552 4227 654 4308 grato
680 4207 804 4280 animo
828 4215 987 4286 servabo.
1023 4221 1143 4313 Quem'
1159 4219 1203 4286 ad
1230 4219 1381 4290 modum
1406 4219 1505 4288 enim
1531 4216 1696 4292 animalia
1722 4220 1935 4314 perlectiore
1959 4244 2035 4291 me-

552 4352 825 4446 tamorphoseos
851 4335 980 4454 grddtu
1008 4381 1052 4430 eo
1077 4359 1247 4447 celerius,
1279 4385 1412 4459 eosque
1440 4359 1487 4475 in¹
1515 4377 1610 4434 statu
1639 4363 1786 4436 occulto
1812 4361 2033 4458 embryonis,

673 4495 677 4505 ⁸
850 4518 921 4592 -t,
1658 4477 1666 4490 ι
1955 4529 2035 4600 per·
