4618 5348
884 397 1167 476 ...13-

281 584 414 654 humus
439 579 640 651 dissolvens
656 575 706 668 *).
765 579 927 650 llamulis
946 577 1103 673 copiosis
1127 576 1333 670 plumulosa
1358 575 1477 648 evadit
1506 596 1542 649 et
1567 579 1761 656 microsco·

278 728 341 820 pio
365 722 521 816 simplici
546 721 884 815 conspectaHypni
897 703 1082 812 ¹serpentis
1103 717 1284 808 juniorem
1310 721 1489 814 quendam
1510 719 1617 794 refert
1635 748 1759 796 surcu-

276 871 366 938 lum.
418 865 490 937 Sub
514 868 570 936 Μ.
591 868 628 936 C.
653 887 742 934 vero
768 863 821 931 nil
848 863 920 932 nisi
950 857 1154 960 conferva,
1180 859 1252 932 filis
1271 859 1505 934 validioribus
1525 865 1676 935 ramosis
1702 891 1757 939 ae·
1831 863 1836 874 ’

276 1005 458 1104 qualibus,
485 1005 546 1077 sed
571 1006 784 1101 plerumque
809 1005 926 1098 sporis
948 1003 1147 1088 destitutis,
1172 1001 1472 1097 inconspectum
1492 1006 1603 1078 venit.

373 1155 457 1219 Hoc
486 1145 599 1218 modo
621 1145 806 1240 paullatim
840 1147 977 1217 surculi
1007 1144 1176 1216 oriuntur
1203 1145 1422 1228 tenuissimi,
1459 1118 1510 1216 err¹
1535 1149 1656 1240 paucis
1686 1149 1757 1222 filis

275 1289 375 1387 quasi
410 1285 576 1374 conflati,
616 1289 678 1384 qui
710 1289 816 1361 initio
849 1288 893 1359 ad
927 1306 1057 1359 terram
1090 1285 1267 1380 depressi,
1310 1287 1444 1358 sensim
1469 1289 1673 1384 sensimque
1699 1292 1759 1361 ad·

274 1417 450 1504 scendunt
484 1447 521 1502 et
551 1429 621 1499 iilis
646 1429 869 1501 brevissimis
902 1427 1123 1500 tenuissimis
1158 1427 1271 1500 denso
1300 1431 1443 1527 agmine
1486 1431 1573 1502 tecti
1601 1432 1758 1529 singula·

231 1625 234 1632 ·
272 1597 348 1644 rem
375 1572 536 1642 habitum
560 1570 726 1642 induunt.
786 1571 884 1642 Hinc
920 1568 1006 1640 inde
1042 1571 1126 1640 haec
1159 1567 1220 1641 fila
1251 1570 1460 1643 brevissima
1492 1597 1558 1666 per
1590 1572 1757 1647 distincta
1832 1555 1838 1575 ⁸

221 1753 230 1762 .
273 1714 457 1786 intervalla
482 1713 521 1781 in
550 1709 739 1782 fasciculos
764 1717 917 1795 coeunt,
942 1711 1008 1796 ita,
1044 1729 1086 1782 ut
1113 1727 1228 1802 3-4
1250 1711 1377 1782 eodem
1402 1731 1541 1804 puncto
1566 1717 1687 1798 unita,
1720 1738 1756 1790 et

273 1856 313 1924 in
336 1853 466 1924 flabelli
486 1851 640 1924 formam
662 1873 815 1946 expansa
840 1872 1041 1944 appareant.
1092 1837 1352 1937 Mox'autem,
1378 1851 1448 1924 filis
1471 1854 1613 1926 istisin
1638 1882 1756 1930 unum
1805 1919 1811 1932 .

272 1995 417 2088 planum
451 1995 781 2076 concrescentibus,
816 1994 856 2064 in
891 1995 1029 2065 surculi
1060 1994 1159 2087 apice
1191 1995 1351 2086 primum
1385 1994 1549 2066 exoritur
1570 1985 1763 2070 foliolum.¹

272 2137 413 2206 Surculi
438 2137 476 2206 hi
505 2152 589 2230 post
613 2153 683 2206 tres
713 2159 872 2222 menses,
907 2134 974 2206 sub
1004 2135 1124 2207 oculis
1156 2137 1290 2206 nostris
1316 2136 1430 2221 enati,
1457 2135 1502 2206 iis
1526 2137 1630 2209 valde
1656 2141 1754 2209 simi·

269 2279 322 2350 les
347 2296 450 2362 sunt,
487 2301 578 2372 quos
602 2301 708 2372 supra
740 2278 805 2348 sub
831 2283 876 2349 N.
896 2301 926 2347 r.
953 2273 1219 2370 descripsimus.
1277 2277 1351 2349 Fila
1378 2265 1539 2350 radicalia
1564 2281 1752 2374 pellucida,

246 2398 430 2517 'grauidis
455 2419 613 2512 copiosis
639 2437 788 2501 onusta,
820 2417 936 2511 qualia
962 2417 1122 2503 inillis,
1155 2415 1446 2504 observavimus,
1472 2443 1561 2514 quae
1584 2423 1752 2519 granula,

212 2573 215 2578 '
271 2579 365 2636 statu
396 2558 692 2650 juniori'albida,
726 2559 816 2630 dum
841 2559 1073 2644 adolescunt,
1108 2561 1269 2632 colorem
1296 2559 1455 2633 induunt
1479 2557 1761 2633 rufo-fuscum.'

269 2705 340 2777 Sub
371 2703 427 2775 Μ.
460 2709 498 2774 C.
535 2680 749 2773 structuram
787 2701 1039 2772 intermediam
1079 2703 1176 2774 inter
1215 2703 1292 2774 eam
1329 2701 1527 2776 conservae
1563 2727 1603 2774 ac
1628 2704 1761 2777 Musci‘

261 2867 474 2944 cognosces.
534 2844 674 2916 Surculi
705 2843 911 2928 tenerrimi,
955 2845 1011 2915 uti
1042 2843 1152 2929 folia,
1190 2867 1236 2914 ex
1263 2841 1333 2915 filis
1359 2841 1526 2918 'constant
1549 2842 1754 2918 confervoi·

268 2989 366 3073 deis,
399 2987 495 3059 inter
525 3007 564 3058 se
591 2985 739 3058 coalitis.
799 2991 844 3058 ln
868 2984 967 3057 foliis
992 2983 1052 3056 lila
1074 2987 1137 3058 illa
1162 2981 1388 3072 brevissime,
1415 3008 1570 3056 numero
1595 3003 1751 3082 quatuor

267 3131 312 3201 ad
336 3154 398 3202 sex
421 3138 674 3209 concrescunt,
709 3126 951 3199 membranam
974 3125 1169 3200 formantia
1194 3127 1428 3219 pellucidam,
1454 3128 1550 3200 striis
1572 3103 1748 3200 viridibus
1838 3119 1843 3130 ’

269 3287 449 3348 ornatam,
475 3269 533 3337 cui
556 3268 753 3340 Confervae
778 3289 936 3363 sporae,
956 3291 1022 3340 ceu
1047 3283 1165 3361 septa,
1197 3269 1237 3338 in
1262 3269 1410 3340 diversis
1435 3267 1505 3339 filis
1527 3262 1748 3353 alternantia,

268 3411 359 3482 telae
394 3409 585 3480 cellulosae
621 3428 834 3482 structuram
865 3411 1040 3482 tribuunt.
1108 3415 1152 3480 In
1181 3411 1349 3482 omnibus
1375 3407 1494 3481 axillis
1525 3409 1585 3480 fila
1609 3411 1747 3493 inania,

1629 3553 1747 3646 pellu-

290 3802 352 3888 Α)
379 3799 508 3874 Statum
532 3799 622 3865 hurrc
651 3795 688 3862 io
722 3797 840 3864 eadem
861 3796 1034 3864 conserva
1062 3815 1194 3882 quoque
1219 3794 1400 3862 observavi
1425 3795 1487 3862 sub
1511 3795 1570 3862 diu
1592 3823 1748 3868 crescen-

291 3981 295 3990 .
385 3933 436 3998 te,
458 3932 490 3986 et
510 3925 667 3988 Dillenius
684 3923 755 4008 jam
773 3923 907 3990 monuit
927 3923 968 3990 de
992 3923 1144 4005 Consarvo
1161 3940 1222 3984 sua
1246 3920 1402 4000 amphibia
1419 3919 1573 4003 fibrr'llose
1597 3945 1635 3988 ee
1656 3948 1746 4008 spon·

380 4051 471 4128 glosa
493 4043 583 4111 Hist.
606 4047 753 4112 Museor.
772 4065 875 4132 pra,
896 4046 958 4111 rub
979 4068 1045 4132 quo
1067 4047 1205 4110 nomine
1230 4061 1298 4106 non
1318 4041 1511 4124 immerito,
1530 4056 1566 4109 ut
1583 4045 1668 4110 mihi
1690 4045 1750 4108 vi·.

386 4170 505 4251 detur,
533 4165 573 4232 0.
587 4167 745 4250 frigidum
768 4189 808 4234 ao
829 4166 869 4231 C.
890 4171 1079 4250 ampliatam
1100 4166 1294 4252 conjungit,
1334 4177 1468 4231 ”strata
1497 4171 1587 4231 enim
1613 4172 1647 4229 in
1671 4164 1746 4231 fru-

383 4289 472 4357 stula
493 4289 721 4372 dirimuntur,
741 4313 760 4354 e
783 4291 858 4354 loco
878 4310 940 4352 suo
962 4290 1064 4354 natali
1086 4289 1284 4374 solvuntur,
1305 4289 1530 4356 exsiccatione
1552 4285 1746 4371 elevantur,

388 4416 588 4503 demumque
610 4415 760 4482 maxima
780 4425 876 4497 parte
899 4409 1048 4498 disparet
1070 4411 1181 4496 alga.”
