4618 5348
875 423 1142 496 ''9⁸'‘

177 625 184 632 ·
261 600 513 692 Polytrichum
540 597 753 690 scoparium.
793 594 929 664 Lichen
958 593 1162 664 arboreum.
1206 592 1279 660 Ros
1307 589 1412 662 solis.
1434 591 1622 692 Corallina.
1657 600 1744 670 Lac.

166 821 169 830 ,
262 761 343 818 tuca
368 743 523 816 Mariua.
573 739 758 812 Aesobera.
808 733 932 806 Musei
956 733 1103 828 proprie
1124 731 1221 802 dicti.

845 877 965 940 Jouno.
983 876 1126 965 Bauhini
1150 871 1237 932 Hist.
1256 870 1357 958 plant,
1396 867 1574 936 Ebroduul
1599 873 1688 942 1651.
1749 905 1755 962 .'

1032 1043 1034 1048 .
1079 991 1180 1055 Turn.
1194 991 1252 1056 ΙΙΙ.
1279 1011 1356 1077 pag.
1371 990 1441 1074 763.
1502 1056 1505 1070 ,

354 1173 507 1246 Filicum
541 1187 662 1240 autem
700 1163 905 1256 complures
931 1179 1018 1233 sunt
1045 1163 1200 1257 species,
1235 1181 1321 1234 sunt
1352 1180 1388 1234 et
1420 1169 1636 1238 Muscorum
1666 1133 1738 1242 nec

258 1314 357 1384 deest
379 1315 418 1384 in
445 1282 578 1407 Fungis
600 1303 827 1382 differentia.⁴
864 1311 1067 1376 Commune
1098 1304 1265 1374 silicibus
1289 1273 1478 1389 omnibus,
1507 1325 1548 1376 ut
1569 1327 1606 1400 et
1630 1310 1736 1380 semi.

256 1471 366 1523 neat
393 1451 542 1524 floribus
575 1449 823 1520 destituantur.
883 1439 1140 1534 Desiderantur
1166 1445 1288 1518 eadem
1312 1448 1351 1516 in
1376 1447 1531 1543 Fungis,
1559 1450 1597 1518 in
1623 1450 1743 1542 pluri,
1826 1465 1829 1472 “

255 1594 325 1664 anis
346 1559 492 1691 quoquo
517 1615 595 1666 non
621 1609 742 1664 umen
761 1588 803 1663 in
825 1588 1018 1676 ‚omuibus
1042 1611 1132 1684 quae
1156 1588 1251 1660 inter
1268 1593 1418 1660 Muscas
1442 1586 1567 1670 referri
1589 1589 1733 1674 c'ontin·

254 1753 316 1831 gu·
1123 1829 1252 1895 Dodon.
1276 1789 1372 1910 dtirp.
1395 1830 1480 1892 Hitt.
1500 1847 1533 1912 p.
1544 1828 1617 1913 459·

351 2031 392 2099 A
408 2031 562 2116 Mutare
586 2051 648 2098 seu
668 2031 862 2128 lanugine,
888 2028 966 2128 situ
986 2026 1127 2097 diutino
1147 2039 1357 2110 contracta,
1377 2026 1448 2096 dici
1465 2043 1610 2118 putatur
1625 2031 1729 2098 Mus-¹

252 2189 332 2250 nus,
367 2193 476 2262 quem
502 2190 577 2240 esse
601 2169 809 2266 lanuginem
835 2167 1015 2238 mucidam
1041 2166 1186 2262 quidam
1212 2183 1384 2260 putarunt
1408 2185 1641 2260 spectatores,
1673 2170 1728 2239 in·

250 2310 434 2402 spectione
456 2333 545 2378 vero
570 2310 727 2379 acutiore
747 2333 815 2378 nec
840 2309 962 2378 minus
987 2307 1103 2379 debita
1124 2307 1300 2396 adhibita,
1326 2309 1486 2402 plantans
1516 2333 1591 2382 esse
1615 2314 1729 2406 perfe-

249 2469 363 2532 ctam,
391 2448 621 2538 ejusdemque
654 2447 910 2536 complurimas
935 2448 1123 2540 varietates
1147 2475 1188 2520 ac
1212 2450 1345 2542 species
1368 2451 1514 2545 paginae
1538 2477 1727 2548 sequentes

249 2587 453 2656 enunciant.
505 2591 657 2655 Muscus
683 2609 757 2656 esse
781 2588 901 2657 omnis
932 2589 1142 2685 lanuginosa
1154 2593 1353 2679 materies,
1388 2615 1433 2660 ex
1461 2595 1618 2688 angustis
1648 2621 1724 2690 par-

247 2728 345 2798 tibus
368 2727 434 2797 vix
460 2723 602 2797 foliosis
627 2729 845 2819 composita,
872 2732 929 2800 vel
957 2751 1068 2801 terrae
1093 2731 1294 2823 superficiei
1318 2735 1509 2806 adhaerens
1534 2737 1593 2806 vel
1618 2739 1722 2824 saxis,
1782 2747 1783 2754 ’

244 2868 416 2960 rupibus,
449 2867 633 2943 arboribus
666 2868 724 2939 vel
755 2870 855 2964 aquis
882 2872 1028 2942 marinis
1060 2897 1227 2959 nascens,
1263 2875 1410 2946 cuilibet
1435 2877 1556 2968 primo
1585 2879 1723 2954 intuitu

243 3009 428 3094 videatur,
452 3009 500 3078 ob
526 3027 659 3080 tantam
686 3033 774 3080 vero
795 3007 968 3082 loliorum
994 3013 1205 3082 tenuitatem
1226 3030 1261 3084 et
1280 3011 1556 3094 similitudinem
1569 3037 1604 3090 et
1624 3047 1722 3114 prae.

242 3151 366 3222 sertim
388 3151 569 3224 seminum
581 3133 696 3223 ''nudis
712 3150 829 3226 oculis
851 3152 1170 3246 inconspicuorum
1192 3149 1427 3244 differentias,
1453 3160 1630 3234 variarum
1643 3189 1721 3260 spec
1757 3219 1774 3238 t

241 3293 378 3363 cierum
403 3291 728 3364 discriminationes
750 3293 971 3386 exprimere,
995 3317 1167 3390 perquem
1194 3293 1348 3374 difficile.

1099 3457 1241 3520 Morison
1260 3463 1350 3525 Har.
1366 3464 1466 3543 plant,
1487 3461 1603 3546 p.b‘25.
1699 3408 1707 3424 ·

909 3683 944 3769 §-
995 3659 1077 3754 tv(
1147 3673 1149 3679 ‘

332 3857 391 3924 Da
410 3869 500 3921 sexu
523 3867 734 3918 muscarum
759 3850 936 3927 Auctores
961 3858 1148 3933 botanicos
1172 3851 1363 3959 plerosque
1392 3863 1524 3941 dubios
1549 3871 1714 3950 haesitas

237 4017 295 4079 se,
324 3992 510 4066 neminem
532 3987 635 4084 lugia

333 4132 547 4215 Michelius,
580 4133 641 4202 eui
673 4133 805 4227 primas
833 4134 1004 4214 debemus
1035 4145 1073 4216 in
1100 4147 1205 4218 istarn
1239 4147 1411 4224 familiam
1444 4156 1710 4229 observationes

233 4277 489 4357 accuratiores,
524 4274 713 4360 antheras,
746 4303 837 4370 quas
860 4287 1089 4377 appellamus
1118 4295 1280 4383 spurias,
1312 4299 1486 4368 exiliores
1508 4300 1567 4368 vel
1586 4301 1709 4372 stellu-

232 4411 426 4516 lucformcs
452 4417 660 4489 tenninules
673 4469 685 4504 ,
707 4407 946 4497 instrumenta
974 4427 1296 4522 hermaphroditica
1321 4438 1496 4510 salutavit.
1774 4411 1779 4420 Ι

1007 4573 1037 4639 Β
1557 4601 1588 4690 -Ι
1625 4585 1708 4674 nil·
