4618 5348
962 1041 999 1127 i·
1047 1041 1145 1110 1·'

277 1150 437 1284 Oblata
462 1194 555 1269 mihi
579 1220 644 1291 per
672 1185 845 1292 hyemem
868 1189 1097 1294 praeteritam
1123 1201 1333 1289 occasione,
1367 1201 1540 1300 opulenta
1559 1207 1763 1300 plantarum

272 1342 515 1439 hybernacula
538 1341 652 1413 Horti
674 1341 778 1440 Regii
791 1339 965 1450 xbotanici
986 1344 1242 1440 Lugdunensis
1257 1347 1519 1440 perlustrandi,
1544 1347 1763 1425 observatio·

271 1510 336 1560 nes
362 1485 502 1581 aliquot
527 1483 572 1556 de
597 1484 863 1581 germinatione
886 1491 1106 1560 Muscorum
1137 1488 1327 1560 instituere
1352 1492 1526 1589 contigit,
1552 1518 1659 1590 quas,
1688 1495 1763 1568 for·

271 1632 380 1705 tuitas
401 1631 488 1702 licet
512 1646 550 1700 et
570 1629 688 1702 veluti
711 1647 795 1700 casu
817 1629 934 1702 oculis
965 1629 1122 1717 oblatas,
1155 1657 1269 1727 quum
1299 1653 1441 1730 semper
1473 1637 1636 1726 studium
1655 1639 1762 1731 plan.

269 1792 389 1850 terum
422 1774 784 1871 Cryptogamicsrum
810 1773 979 1868 inprimis
1011 1772 1149 1846 deliciis
1184 1773 1406 1860 habuissem,
1439 1791 1539 1847 tanta
1571 1777 1760 1874 voluptate

270 1918 382 1992 animi
405 1943 471 2014 per
495 1937 706 2012 temporum
731 1914 999 1989 vicissitudines
1025 1939 1107 1986 sum
1131 1935 1399 2014 prosequutus,
1431 1936 1475 1989 ut
1500 1916 1668 2007 demum,
1684 1883 1759 1997 'lit-

269 2061 355 2135 teris
376 2061 582 2146 mandatae,
620 2059 668 2131 ob
695 2061 852 2156 speciem
875 2058 1054 2155 quandam
1080 2059 1253 2132 novitatis
1277 2058 1385 2158 digna
1410 2061 1640 2148 viderentur,
1668 2089 1759 2160 quae
1848 2125 1851 2130 .

274 2169 462 2281 testamen
494 2205 725 2289 botanicum,
758 2204 903 2297 tyroni,
938 2198 983 2275 sd
1010 2201 1137 2274 altiora
1169 2201 1266 2276 viam
1293 2203 1454 2296 paranti,
1487 2207 1614 2278 saltem
1637 2209 1760 2304 ignos-

264 2349 443 2436 cendum,
467 2345 631 2419 efficiant
669 2353 829 2416 Tantum
845 2368 934 2416 vero
956 2343 1073 2428 abest,
1096 2364 1139 2418 ut
1161 2345 1252 2416 mihi
1271 2368 1351 2416 rem
1374 2363 1450 2419 tam
1471 2345 1654 2420 difficilem
1679 2347 1757 2422 bae·

266 2494 309 2569 vi
331 2493 404 2590 isto
427 2507 592 2582 tempore
612 2486 682 2556 rite
707 2484 905 2559 absolvisse
927 2463 1070 2571 videar,
1096 2507 1138 2560 ut
1159 2489 1282 2584 potius
1307 2481 1498 2594 latendum
1517 2491 1584 2578 sit,
1608 2514 1669 2564 me
1689 2493 1756 2568 vix

266 2632 402 2706 limites
430 2628 608 2730 attigisse,
645 2625 709 2724 qui
740 2627 785 2699 sd
810 2645 983 2704 secretam
1004 2647 1040 2703 et
1062 2631 1135 2706 alte
1163 2631 1387 2721 reconditam
1406 2637 1626 2713 Muscotum
1647 2659 1755 2737 gene,

268 2780 448 2854 rationem
471 2788 579 2874 atque
605 2769 788 2870 originem
812 2763 955 2845 ducant

942 3023 979 3114 s.
1028 3027 1076 3094 11.

297 3225 308 3234 “
361 3209 510 3286 Familia
527 3215 766 3294 Muscorum,
800 3205 964 3295 tametsi,
990 3226 1032 3279 ut
1052 3222 1175 3281 totum
1196 3229 1350 3310 regnum
1374 3209 1706 3314 eryptcgamicutn,
1731 3233 1753 3294 s

261 3355 472 3431 recentioris
497 3354 578 3425 aevi
602 3351 785 3424 Botenicis
810 3351 992 3446 primurn,
1020 3374 1232 3449 summaque
1265 3353 1452 3454 diligentia
1481 3358 1529 3433 sit
1552 3361 1753 3448 illustrata,
1860 3435 1861 3440 ,

259 3500 366 3572 liceat
390 3517 510 3571 tamen
536 3514 572 3568 et
597 3501 771 3569 Veterum
796 3493 841 3565 de
865 3493 996 3566 iisdem
1013 3497 1207 3570 sententias
1225 3499 1347 3591 paucis
1362 3498 1517 3591 reterre,
1539 3505 1750 3604 priusquam

259 3642 305 3715 acl
329 3643 539 3717 enarrandas
563 3663 662 3714 meas
687 3635 801 3736 ipsius
825 3637 1096 3716 observationes
1117 3659 1305 3752 nauseam.
1388 3717 1391 3728 ,

925 3887 961 3976 §.
1014 3891 1080 3962 111.

358 4067 458 4179 Baias
481 4071 751 4170 Theophrastus
776 4067 866 4144 dicit
885 4071 1037 4164 tristior,
1061 4091 1167 4174 etque
1193 4072 1300 4148 etiam
1325 4088 1464 4170 partem
1484 4069 1620 4145 arboris
1644 4091 1746 4145 eutu-

204 4237 212 4246 ‘
259 4240 345 4297 mat.
395 4216 611 4292 Theodorus
636 4222 812 4328 Muscum
835 4217 1000 4312 appellas
1071 4205 1122 4294 ar
1148 4244 1290 4294 muscus
1320 4215 1462 4288 arboris
1488 4210 1744 4311 pars'nonest:
1800 4224 1804 4233 '

260 4366 324 4440 sed
358 4388 518 4439 seorsum
549 4362 627 4457 ejus
659 4363 766 4460 origo
799 4385 846 4434 ex
878 4376 978 4433 terro
1014 4363 1201 4438 arboribus
1227 4375 1408 4462 aggesto,
1440 4373 1511 4435 out,
1530 4371 1674 4456 agnata
1698 4380 1746 4428 eae
1891 4451 1895 4464 .

259 4509 431 4596 hamore,
458 4521 569 4606 atque
592 4491 970 4581 otrecircamstante.
1023 4504 1164 4604 Quippe
1191 4507 1299 4580 enam
1330 4523 1436 4596 super
1463 4499 1640 4594 lapidibus
1666 4521 1745 4570 nas·
1846 4484 1848 4492 '

1640 4660 1744 4716 cuur.
