4618 5348
1145 427 1436 548 ‘'¹⁸5''

646 621 796 701 Familia
823 617 978 694 secunda
1002 617 1259 710 complectitur
1285 615 1478 689 Lichenes:

355 765 553 841 nllt'elrenu.
751 765 991 868 Vegetabilio
1013 761 1243 834 substantioe
1263 762 1454 858 leprosae,
1479 771 1690 832 erustaceoe
1714 760 1775 831 vel
1789 747 2041 859 'subfoliacee'e
2082 725 2085 732 .

748 913 1000 1013 gelatinosae,
1024 891 1287 1002 percurrentia,
1318 904 1539 977 varicoloro.
1594 907 1712 975 Sexus
1732 903 1879 982 nulluss
1903 925 2043 998 propa·

749 1058 859 1157 gotio
905 1076 973 1150 per
1009 1053 1188 1124 vesiculas
1214 1051 1476 1122 minutissimos
1504 1045 1849 1143 (propagulo),
1886 1047 2044 1142 quaein
2107 1115 2110 1122 ,

753 1201 838 1270 aliis
860 1220 929 1291 per
960 1207 1082 1268 totam
1107 1197 1262 1290 plantae
1285 1191 1533 1266 substantiam
1558 1189 1767 1284 dispersae,
1791 1193 1829 1260 in
1854 1192 1938 1262 aliis
1957 1211 2047 1262 vero
2083 1185 2090 1192 ¹

753 1343 793 1412 in
812 1340 990 1412 distinctis
1014 1339 1253 1434 receptaculis
1276 1303 1623 1434 (apotheciis),
1645 1333 1750 1404 varie
1764 1328 1971 1434 formatis,
1994 1334 2049 1403 in·

756 1485 877 1556 clusae
901 1495 1104 1554 occurrunt.

657 1621 1067 1720 Lichenes3p1entulae
1090 1621 1259 1698 omnium
1282 1623 1632 1720 imperfectissimae,
1666 1621 1798 1696 rectius
1823 1619 1938 1715 priori
1963 1637 2047 1692 ente

557 1769 664 1865 Algos
686 1769 772 1840 loco
792 1787 1036 1862 ponerentur,
1055 1767 1128 1838 nisi
1142 1786 1358 1866 repugnaret
1382 1769 1486 1868 origo
1505 1768 1632 1839 herum
1654 1784 1692 1838 et
1712 1787 1854 1836 summe
1874 1759 2045 1864 affinitas,

554 1933 627 2006 qua
651 1934 736 1983 cum
762 1910 889 1984 ceteris
910 1911 1080 1983 omnibus
1103 1909 1250 1983 fnuuiliis
1277 1929 1555 1985 connectuntur.
1583 1909 1695 2007 Quod
1711 1909 1752 1979 in
1768 1906 1950 2002 prioribus
1971 1904 2049 1977 ani·

551 2053 755 2125 melculum
780 2069 856 2124 emt
879 2049 1101 2126 infusorium
1123 2055 1163 2125 in
1189 2056 1390 2148 plantulam
1415 2054 1684 2150 regerminens,
1710 2051 1749 2121 in
1772 2051 1828 2121 his
1847 2049 2047 2122 vesiculam

552 2191 670 2266 refert
690 2192 901 2282 flaccosun,
925 2195 1028 2269 vario
1050 2163 1174 2284 colore
1191 2169 1362 2280 citiorem,
1390 2195 1469 2268 sine
1493 2197 1572 2266 ullo
1594 2193 1750 2290 vestigio
1767 2193 1864 2266 vine
1880 2187 2045 2276 elnone,

559 2335 625 2408 sed
647 2338 808 2410 tentavi
832 2339 1102 2439 propagationis
1126 2341 1348 2434 pollentem,
1384 2319 1446 2425 ut',¹
1472 2337 1679 2435 ubicunque
1701 2336 1889 2410 arboribus
1908 2354 1970 2409 eut
1994 2359 2047 2408 sn·

557 2479 620 2552 xis
645 2477 852 2566 adhaerent,
875 2505 1010 2555 novem
1031 2485 1171 2576 prolem
1197 2483 1326 2556 eliciet.
1373 2487 1453 2554 Huc
1471 2481 1612 2554 ratione
1638 2443 1816 2553 lichenes
1840 2478 1980 2568 infimi,
2004 2498 2047 2554 ut

559 2625 804 2696 Pulverariae
830 2643 867 2696 et
896 2629 1115 2721 Leprnriee,
1142 2627 1293 2720 pulvere
1318 2601 1486 2699 coustant
1518 2623 1695 2708 flaccoso3
1725 2662 1775 2681 -
1809 2647 1899 2696 mox
1925 2625 2048 2720 pulvis

407 2755 411 2764 ’
457 2801 477 2876 p
555 2765 619 2838 lric
639 2765 680 2846 in
700 2785 859 2840 crustam
884 2768 1133 2841 tenuissimam
1154 2768 1375 2855 concrescit,
1399 2768 1460 2840 cui
1479 2769 1765 2865 propagulorum
1787 2788 2047 2864 congestorum

556 2909 721 2983 distincti
744 2913 904 2987 acervuli
925 2913 1038 2984 libere
1059 2911 1270 2999 adhaerent,
1302 2930 1347 2984 ut
1373 2911 1413 2982 iu
1444 2911 1668 2990 Variolariis
1694 2929 1731 2982 et
1754 2911 1971 2990 Arthoniise
1996 2949 2046 2966 -

560 3049 719 3147 «leuique
746 3051 787 3122 in
820 3055 1052 3148 receptaculis
1085 3055 1184 3126 varie
1215 3051 1401 3140 formulis,
1425 3049 1614 3126 fructuum
1648 3054 1752 3126 initio
1786 3049 2044 3140 referentibus,

562 3193 788 3292 colliguntur
804 3195 865 3268 vel
881 3197 989 3292 plene
1011 3197 1270 3282 includuntur,
1290 3213 1333 3268 ut
1357 3194 1396 3266 in
1408 3201 1452 3268 V
1448 3200 1649 3285 macariis,
1675 3196 1922 3298 Opegraphis,
1949 3197 2047 3270 Leci·

527 3365 530 3370 ·
562 3338 639 3410 eleis
664 3355 701 3409 et
730 3343 937 3414 Leconon's.
994 3339 1176 3435 Deinceps
1208 3361 1273 3434 per
1301 3337 1389 3409 dum
1419 3340 1527 3412 series
1557 3341 1664 3413 altius
1697 3339 1914 3425 escendunt,
1947 3359 1983 3412 et
2007 3341 2047 3413 iu
2137 3379 2140 3386 ·

561 3485 686 3576 primu
708 3480 867 3576 'quidem
899 3480 1108 3582 praesertim
1142 3481 1254 3554 caulis
1287 3481 1546 3554 evolutionem·
1562 3501 1711 3577 petunt,
1743 3487 2047 3574 (Stereocnnlon,

564 3619 894 3718 Sphaeropboron,
927 3631 1134 3726 Genomyce
1155 3643 1192 3696 et
1224 3627 1365 3716 Usneo)
1399 3663 1449 3680 -
1479 3623 1702 3698 insecundo
1731 3643 1854 3700 eutem
1879 3625 2049 3700 frondem

564 3760 739 3855 explicari
765 3763 954 3854 nituntur,
980 3769 1278 3859 (Pennelio,--·
1304 3767 1446 3854 setteis,
1471 3807 1518 3824 -·
1546 3771 1759 3857 Peltidea),·
1786 3793 1876 3864 quee
1899 3791 2050 3868 utraque

563 3904 674 3977 series
703 3905 847 4004 egregie
870 3910 1102 3982 connectitur
1130 3906 1330 3983 umoribus
1360 3909 1605 3999 imermediis,
1632 3887 1834 3985 llarnolino
1858 3939 1899 3986 ec
1925 3920 2055 3990 Cetea·

563 4051 644 4136 rio,
668 4065 868 4144 cuncteque
886 4047 1080 4122 confluunt
1103 4055 1146 4124 in
1170 4056 1310 4123 Genere
1331 4053 1599 4148 polymorpho,
1623 4057 1811 4165 Collpnb,
1836 4055 1900 4129 ubi
1916 4058 2054 4153 species

563 4207 764 4264 occurrunt
787 4208 826 4263 et
845 4205 1054 4267 crustocme
1078 4211 1115 4267 et
1141 4187 1389 4294 subfolioceoe
1408 4215 1445 4269 et
1456 4191 1742 4300 filamencome,
1765 4224 1854 4299 quoe
1872 4199 1996 4275 omnia
2012 4201 2054 4273 in

565 4349 663 4408 stetu
686 4331 841 4406 humido
864 4331 961 4406 inter
979 4355 1021 4406 se
1045 4337 1272 4412 conveniunt
1296 4337 1493 4414 substantie
1516 4341 1599 4435 plus
1620 4344 1744 4416 minus
1767 4339 1985 4443 geletinosr,
2017 4359 2056 4416 et

569 4475 619 4550 ob
643 4475 737 4554 lunc
760 4477 982 4578 singtmrem
1005 4477 1169 4556 indolem
1197 4481 1355 4570 Linlr'is,
1395 4505 1441 4556 ex
1466 4481 1642 4582 Algerum
1665 4469 1834 4574 Fertilis,
1868 4485 2055 4562 accedunt.

1927 4629 2056 4706 liche-
2145 4705 2152 4718 ,
