4618 5348
624 1073 629 1080 .
689 999 985 1098 Perennis
1044 987 1347 1083 Manibus.

272 1219 523 1367 IgnoscatiS‚
553 1292 577 1341 o
603 1267 731 1344 beati!
756 1266 883 1358 Filio,
920 1269 993 1367 qui
1016 1270 1212 1344 transiens
1237 1269 1319 1344 Vos
1343 1268 1527 1346 Aliorum
1551 1271 1760 1357 invocavit

275 1437 445 1510 nomina
467 1461 591 1536 eaque
616 1443 695 1531 jam
718 1461 791 1537 per
816 1460 857 1510 se
883 1437 975 1512 satis
1001 1437 1201 1536 praeclara
1223 1411 1496 1538 sexcentisque
1514 1439 1662 1542 linguis
1684 1469 1760 1546 per

278 1601 414 1678 orbem
442 1587 642 1680 terrarum
669 1603 890 1706 divulgata!
942 1608 1023 1680 Vos
1054 1619 1188 1678 autem
1217 1601 1326 1722 taciti
1352 1604 1397 1678 in
1423 1605 1587 1684 sedibus
1615 1613 1758 1687 Beato·

165 1731 189 1748 Ἰ
222 1877 225 1883 ¹
277 1793 372 1847 rum
404 1772 661 1863 consedistis,
698 1796 786 1850 non
820 1771 902 1874 uisi
930 1770 1173 1882 Liberorum
1198 1785 1305 1871 grata
1338 1759 1535 1849 memoria
1560 1765 1756 1854 celebrati.

277 1939 511 2040 Ignoscetis!

379 2111 458 2190 Sed
484 2112 586 2185 alius
613 2125 672 2186 est
692 2107 826 2185 honos
851 2109 1070 2186 nominum
1101 2123 1141 2184 et
1164 2109 1425 2196 meritorum,
1452 2105 1599 2206 quibus
1621 2108 1755 2188 homi·

277 2301 348 2356 nes
367 2279 570 2357 adultiora
590 2277 839 2364 evehuntur,
869 2295 1006 2378 estque
1033 2279 1108 2352 alia
1128 2279 1250 2378 gratia
1276 2299 1437 2364 eorum,
1462 2277 1533 2374 qui
1545 2277 1756 2378 ingenium

278 2451 467 2528 nutriunt
492 2464 532 2521 et
557 2445 805 2532 docuinam,
842 2464 1083 2542 quesumus
1111 2441 1278 2532 immi,
1305 2463 1380 2518 suo
1406 2442 1563 2521 lumine
1587 2461 1754 2544 augent,

280 2596 399 2720 atque
422 2615 579 2690 animus
605 2611 698 2702 ille,
725 2609 816 2709 qui,
844 2612 983 2686 Vestra
1006 2610 1148 2684 merita
1162 2607 1436 2710 perpendens,
1460 2625 1568 2688 totus
1588 2615 1648 2686 est
1667 2613 1757 2688 Pie·

280 2805 360 2879 tas,
389 2801 496 2866 totus
520 2783 666 2886 Amor,
692 2800 826 2878 neque
851 2777 1034 2854 conscius
1058 2779 1139 2870 iam
1168 2781 1231 2850 sui
1255 2778 1405 2877 ipsius,
1432 2777 1504 2854 sed
1534 2781 1680 2862 Vestri.

291 2983 295 2994 ’
378 2955 487 3030 Talis
515 2965 650 3027 autem
673 2945 753 3023 fuit
778 2951 909 3038 Pater,
937 2967 1077 3044 quern,
1104 2943 1307 3042 integrum
1330 2947 1456 3034 vitae,
1482 2950 1553 3019 vix
1574 2967 1758 3044 unquam

280 3121 488 3202 deflexisse
524 3147 546 3194 a
579 3120 737 3195 tramite
771 3113 870 3190 recti
896 3109 1117 3210 gloriantur
1148 3109 1245 3202 filii;
1285 3112 1406 3212 quin,
1443 3112 1513 3190 vix
1543 3113 1762 3214 cognovit,‘

280 3317 481 3396 quaenam
507 3283 646 3362 turbae
673 3285 810 3358 animo
835 3281 940 3357 mala
965 3279 1186 3354 excitentur
1212 3277 1414 3380 cupidine.

389 3463 566 3536 Functus
600 3477 673 3554 per
703 3451 869 3552 longam
902 3471 1103 3523 annorum
1137 3447 1558 3550 seriam-reipublicae
1594 3441 1762 3538 officiis„
1872 3482 1878 3496 ·

280 3581 546 3738 horticultura
573 3645 648 3724 per
677 3619 795 3720 boras
830 3619 905 3695 otii
938 3613 1172 3705 delectatus,
1202 3641 1334 3716 neque
1359 3617 1497 3692 Florae
1529 3611 1760 3690 dulcissima
1870 3643 1872 3648 ·

281 3819 452 3874 munere
475 3790 724 3892 despiciens,
749 3763 795 3861 in
818 3788 995 3886 patrium
1013 3783 1268 3886 praediolum
1288 3782 1536 3860 rusticanum
1559 3805 1761 3858 senex-re·
1828 3755 1834 3766 ’

282 3965 428 4054 vertit,
465 3955 579 4034 dives
608 3961 689 4051 jam
720 3953 857 4044 amis,
893 3951 965 4030 sed
996 3951 1229 4032 valetudine
1254 3963 1294 4026 et
1317 3949 1476 4028 viribus
1502 3955 1619 4029 anuis
1644 3973 1762 4050 supe·

215 4187 217 4190 -
285 4137 381 4216 tior.

386 4303 436 4376 Et
462 4319 557 4375 cum
581 4305 741 4393 tempus
770 4313 892 4368 suum
917 4289 1135 4368 absolvisse
1160 4289 1366 4368 videretur
1385 4303 1423 4364 et
1448 4285 1609 4364 dolores
1634 4286 1767 4362 acerbi

290 4475 510 4560 irruerent,
537 4489 618 4543 vox
643 4461 851 4563 quaerelae
875 4485 962 4538 non
989 4455 1125 4538 audita
1151 4473 1209 4534 est
1236 4459 1284 4536 ab
1312 4483 1383 4548 eo,
1412 4453 1483 4532 sed
1506 4455 1625 4533 hilari
1649 4453 1769 4532 vultu

1679 4619 1771 4700 bar·
