4604 5358
1140 401 1401 488 ..g-a

532 601 637 676 citur.
670 630 721 653 -
756 597 822 668 Est
853 610 973 666 autem
1006 583 1111 694 βρύον
1143 590 1182 666 in
1214 591 1301 663 Olea
1323 587 1380 671 id,
1416 585 1515 683 quod
1539 567 1818 684 proportionem
1839 590 1934 686 gerit
1959 590 2025 665 do·

395 797 397 800 -
533 746 594 817 ris.
624 781 674 796 -
710 727 800 814 Sale
825 733 939 840 βρύειν
965 737 1144 831 pullulare
1168 752 1241 820 est,
1274 733 1372 804 unde
1395 735 1503 804 etiam
1528 757 1606 808 vox
1631 752 1776 816 nostra,
1798 729 1950 806 fructus.
1976 776 2027 795 -

533 893 697 984 Quatuor
724 883 836 980 igitur
863 879 1057 974 significate
1097 879 1399 960 Pullulationem,
1432 880 1543 974 Algae
1568 874 1726 970 speciem
1748 875 1948 993 (·Theophr.
1974 883 2027 954 Η.

535 1003 801 1128 pl.'1ib.1v.),
826 1029 1021 1110 Muscum,
1048 1023 1253 1120 Analognm
1280 1015 1390 1092 floris.

1045 1119 1121 1228 dul.l
1135 1163 1171 1225 C.
1195 1161 1333 1240 Scaliger
1353 1165 1386 1223 in
1410 1163 1615 1256 Theophrasti
1633 1160 1741 1224 Eresii
1769 1163 1804 1224 de
1825 1162 1973 1224 Historia

1047 1286 1240 1350 Plaarorum
1257 1287 1421 1363 librosX.‚
1443 1287 1496 1348 ed.
1514 1285 1659 1349 loannes
1683 1285 1835 1353 llodaeus
1855 1307 1877 1350 ι
1897 1285 1976 1358 Sta-2

1259 1408 1326 1496 pel.
1363 1408 1552 1474 Amalslod.
1577 1409 1665 1476 1644.
1691 1430 1766 1496 p-s.

640 1576 729 1640 Non
754 1569 852 1642 enim
877 1592 1006 1641 omnes
1032 1568 1163 1642 florent
1186 1587 1223 1642 et
1248 1588 1334 1640 aunt
1358 1570 1479 1641 tristes
1507 1571 1701 1666 quaedam,
1733 1594 1825 1666 quae
1849 1593 1927 1640 non
1948 1592 2027 1640 sen·

542 1713 640 1785 siunt
667 1711 795 1810 gaudia
821 1735 1021 1796 annorum
1056 1739 1183 1792 omnes
1207 1732 1326 1786 autem
1352 1713 1577 1810 germinant,
1605 1693 1715 1784 etiam
1743 1739 1832 1808 qnae
1859 1737 1936 1782 non
1961 1711 2029 1785 flo-

541 1875 637 1960 rent,-
1283 1855 1374 1919 Plin.
1394 1857 1466 1918 lrisr.
1486 1869 1550 1917 aas.
1568 1856 1619 1918 lib.
1631 1853 1731 1916 XVI.
1754 1851 1913 1916 c.xxV.

644 2005 812 2083 Muscas,
841 1999 981 2072 Graccis
1005 2007 1149 2093 Bryon,
1173 2003 1234 2072 alii
1252 2002 1497 2095 Splanchnos‚
1523 2004 1602 2074 aliis
1626 2009 1736 2096 lpnos
1753 2000 1894 2068 dicitur.
1919 1999 2028 2071 Haud

543 2143 643 2217 aliud
668 2162 741 2225 est,
761 2165 867 2235 quam
891 2147 973 2214 coni
997 2145 1165 2218 arborum
1188 2151 1289 2236 villi,
1323 2148 1444 2242 quales
1478 2147 1519 2216 in
1553 2163 1760 2218 senescente
1784 2151 1929 2239 Quercu
1953 2167 2028 2217 ma·

543 2285 644 2356 xime
667 2285 844 2354 videmus.
871 2297 918 2339 ’-

645 2432 689 2496 In
708 2428 921 2520 quibusdam
940 2429 1113 2526 quaedam
1131 2433 1261 2508 visitur
1283 2433 1413 2506 villosa
1437 2432 1671 2506 flosculorum
1694 2435 1898 2534 congeries,
1924 2441 2031 2531 qure,‘

544 2567 644 2665 quod
669 2567 851 2642 confercta
876 2572 923 2642 sit
955 2572 1137 2670 densaque¹
1161 2575 1343 2662 florescat,
1377 2583 1528 2652 Muscas
1563 2579 1635 2650 dici
1668 2566 1878 2651 consuevitr
1917 2601 1959 2650 ut
1987 2580 2030 2650 in

542 2709 717 2806 Ligustro
743 2731 780 2783 et
804 2718 1051 2810 compluribus
1069 2720 1159 2789 aliis.
1208 2720 1473 2809 Huiuscemodi
1490 2741 1627 2818 partes,
1648 2744 1733 2791 cum
1757 2723 1799 2794 in
1820 2723 1922 2810 eliis,
1946 2741 2028 2796 tum

544 2851 585 2939 in
609 2853 675 2929 hac
697 2858 801 2932 velut
821 2856 925 2932 facile
946 2829 1110 2958 principe
1134 2867 1229 2936 Rosa
1251 2864 1466 2954 conspicuae
1490 2883 1587 2938 sunt.

1275 3005 1393 3070 Rutilii
1415 3005 1449 3064 de
1470 3007 1596 3066 Nasum
1618 3009 1762 3087 stirpium
1784 3010 1853 3071 libri
1873 3024 1943 3072 ires.

1358 3125 1461 3192 Basil.
1485 3128 1572 3194 1555.
1592 3149 1626 3213 p.
1640 3133 1707 3197 116.
1733 3145 1766 3196 el
1786 3152 1819 3216 p.
1829 3131 1860 3194 5.

551 3260 557 3288 '
617 3247 830 3352 'Caeterum
857 3285 1029 3354 Muscam
1056 3283 1202 3356 vocavit
1231 3293 1470 3386 Caesalpinus
1500 3317 1649 3364 omnem
1674 3295 1841 3364 villosam
1866 3293 2046 3364 substan-.

542 3418 651 3506 tiam,
682 3425 780 3493 sordi
800 3397 923 3517 potius
949 3426 1103 3498 similem
1131 3454 1238 3522 quam
1261 3434 1424 3528 plantae,
1459 3457 1522 3508 aut
1547 3438 1750 3509 caudicibus
1775 3437 1921 3508 annosis
1948 3438 2030 3506 hae·

543 3581 705 3648 rentem,
726 3567 914 3660 praecipue
937 3568 1136 3655 umbrosis,
1159 3593 1221 3643 aut
1248 3576 1342 3648 saxis
1368 3577 1541 3652 madidiss
1573 3599 1634 3650 aut
1665 3581 1705 3649 in
1736 3581 1837 3674 aquis
1862 3578 2029 3672 palustri·

543 3699 627 3786 bus,
654 3707 839 3778 autmari.
900 3715 946 3782 Et
979 3713 1062 3782 hinc
1096 3717 1192 3788 varia
1225 3743 1354 3818 genera
1390 3724 1470 3816 bryi
1496 3746 1515 3793 a
1543 3725 1682 3793 Graecis
1707 3722 1847 3805 vocati,
1875 3722 2027 3792 diversis

543 3843 650 3916 etiam
676 3849 886 3920 nominibus
918 3853 1048 3924 donata
1082 3880 1157 3928 esse
1187 3863 1378 3955 perhibuit.
1404 3955 1407 3964 Ι
1430 3866 1498 3938 Sed
1524 3867 1756 3938 Dioscorides
1783 3866 1934 3936 incanos
1958 3864 2029 3936 vil·

541 3981 622 4069 los,
656 3989 720 4082 qui
751 4015 797 4062 ex
831 3995 938 4066 ramis
974 4003 1196 4092 quarundam
1228 4005 1398 4081 arborum
1431 4010 1613 4106 pendent,
1651 4009 1864 4106 simplicitet
1899 4015 2026 4102 Bryon

540 4145 656 4200 Vocat.

635 4269 825 4344 Caeterum
853 4281 975 4352 arasa
998 4289 1237 4379 appellatione
1263 4279 1446 4368 donantur
1475 4317 1663 4394 sequentes
1693 4301 1854 4394 plantae:
1888 4277 2026 4370 scilicet
2126 4355 2133 4369 ,

537 4411 687 4488 Lichen.
707 4409 959 4510 Polytriclium
982 4431 1115 4524 Apulei
1146 4435 1279 4510 minus.
1330 4440 1433 4536 Spica
1458 4443 1593 4517 celtica.
1637 4447 1827 4518 Lenticula
1843 4441 2023 4540 palustris.

1855 4617 1860 4635 ·
1915 4589 2026 4682 Poly·
