4618 5348
1054 440 1452 502 ,un-20...

663 637 710 709 In
736 627 947 726 Hepcticis,
983 619 1131 720 proprie
1159 618 1285 706 dictis,
1305 565 1517 720 'propagulo
1541 617 1664 692 minus
1686 617 1844 715 fflsperss
1868 637 1905 694 et
1929 564 2054 734 cepsu-

564 777 623 854 lta
645 773 806 877 regulari,
827 769 940 844 modo
961 764 1183 840 dehiscentes
1208 780 1416 836 occurrunt.
1472 865 1485 884 ⁶

773 916 980 1014 Tergienio
1011 932 1033 983 s
1068 905 1276 982 membrana
1307 905 1477 980 herbacea
1509 905 1670 1002 capsulas
1700 903 1837 979 emittit
1870 905 2055 997 moolers,

666 1075 958 1156 'rnonespemrus
1172 1156 1178 1164 ἢ

771 1199 986 1274 Blandoeie
1010 1192 1170 1298 wma,
1185 1189 1370 1268 americus
1392 1187 1640 1266 meridionalia
1663 1191 1805 1282 incola,
1826 1195 1981 1290 capsulis
2006 1195 2062 1270 di-

674 1342 873 1442 stinguitur
895 1338 1097 1414 bivalvihus
1122 1335 1376 1434 polyspermis.
1805 1319 1807 1324 ⁸

773 1485 942 1558 Devolio
968 1485 1064 1555 Nees
1095 1481 1142 1554 eh
1169 1477 1352 1554 merbeca
1376 1499 1463 1551 nov.
1490 1481 1579 1550 Gen.
1600 1478 1643 1549 in
1665 1478 1885 1554 membranis
1909 1484 2063 1554 lanieri-

655 1631 739 1704 ,hus
770 1625 989 1718 receptacula
1030 1621 1101 1695 fert
1132 1621 1343 1716 padicellata
1379 1618 1558 1694 cucullata
1591 1623 1703 1694 latere
1739 1621 1863 1710 affixa,
1901 1627 2062 1721 capsulas

676 1793 790 1862 a-pt
817 1765 1078 1842 circumscissas
1098 1765 1284 1836 immersas
1309 1761 1482 1836 foventia.

774 1909 1019 1988 Marclrontia
1044 1932 1066 1980 e
1089 1906 1307 2016 membranis
1327 1903 1560 2009 firmioribus
1591 1911 1811 2004 receptacula
1841 1909 1982 2006 profert
2011 1911 2065 1983 di·

673 2075 797 2130 versae
821 2049 993 2147 formas„
1012 2051 1143 2148 quibus
1177 2050 1339 2145 capsulae
1369 2049 1581 2136 adhaerent,
1614 2051 1782 2124 dentibus
1807 2051 2064 2128 reflexibilihus

675 2195 909 2270 dehiscentes.

776 2339 1034 2437 staurophoro
1059 2344 1120 2412 W.
1147 2361 1167 2410 a
1199 2334 1456 2424 Marchantiis,
1490 2336 1620 2433 quibus
1653 2333 1780 2410 habitu
1809 2338 1966 2427 accedit,
1992 2339 2064 2414 dis·

673 2483 854 2582 tinguitur
878 2486 1021 2580 capsula
1044 2481 1255 2582 regulariter
1275 2479 1480 2582 dehiscente
1505 2477 1752 2574 quadrivslvi,
1776 2501 1814 2554 et
1837 2485 2064 2578 receptaculo

675 2605 896 2700 cruciformi.

773 2769 1108 2870 Jerrgmnanniae,
1133 2765 1336 2859 plantulae,
1360 2767 1502 2859 capsula
1524 2763 1748 2859 quadrivalvi
1766 2765 1897 2855 libem,
1922 2793 1992 2842 nee
2011 2794 2069 2844 re·

677 2914 864 3010 ceptaculo
888 2912 1058 2984 immersa
1082 2909 1143 2982 vel
1167 2908 1360 3002 imposita,
1386 2909 1566 3007 insignes,
1592 2931 1708 3006 genus
1729 2911 1993 3005 amplissimum
2019 2914 2069 2985 si·

677 3073 799 3141 stunt,
824 3055 1000 3128 industria
1025 3055 1078 3127 cl.
1101 3057 1153 3124 D.
1184 3056 1346 3139 Martii,
1377 3055 1485 3126 arnici
1508 3057 1741 3142 dilectissimi,
1760 3052 2001 3150 pulcherrime
2020 3053 2066 3126 il·

651 3269 654 3276 .
677 3197 882 3272 lustratum.
932 3195 1073 3294 Species
1096 3195 1200 3282 illae,
1226 3171 1315 3292 quae
1326 3191 1536 3302 frondosae
1556 3184 1747 3286 dicuntur,
1772 3195 2066 3271 antecedentibus

679 3341 905 3430 simillimae,
930 3339 1079 3414 fiendas
1103 3339 1277 3413 exhibent
1301 3340 1456 3442 virides,
1480 3341 1547 3412 vix
1568 3342 1728 3455 apicibus
1747 3343 1857 3415 suisa
1879 3359 1973 3413 terra
1996 3342 2067 3413 ele·

678 3501 798 3569 vatas3
815 3486 856 3558 in
870 3481 1065 3590 foliaceis,
1091 3505 1156 3557 seu
1175 3483 1476 3572 canescentibus,
1505 3486 1665 3580 primum
1692 3489 1807 3558 caulis
1831 3506 1868 3556 et
1885 3481 1989 3587 folio
2015 3486 2069 3558 di·

680 3629 811 3700 cuncte
834 3649 875 3702 ac
898 3629 1052 3704 seorsim
1074 3623 1260 3702 efformata
1285 3647 1502 3716 occurrunt,
1527 3629 1589 3701 sed
1608 3631 1740 3715 caulis,
1767 3631 1985 3726 plerumque
2012 3626 2069 3701 lo·

677 3765 738 3840 liis
754 3791 795 3838 ac
820 3772 962 3865 stipulis
986 3771 1097 3846 dense
1119 3789 1236 3844 tectus
1261 3788 1299 3843 et
1322 3789 1541 3867 prostratus,
1565 3773 1689 3871 glebae
1713 3771 1948 3846 adscribitur:
1982 3779 2071 3846 Pro·

680 3911 822 4010 pegasio
845 3937 912 4009 per
932 3919 1128 4016 propagulo
1150 3916 1247 3988 nuda
1271 3919 1390 3990 missus
1409 3914 1579 4015 frequens
1598 3935 1636 3989 et
1661 3915 1882 4011 pistillorum
1906 3939 2071 4012 praesen·

679 4055 728 4130 tia
752 4053 824 4130 filis
845 4055 1110 4136 confervoideis
1135 4059 1442 4136 circumdatorum
1472 4059 1698 4159 perfectioris
1723 4045 1963 4162 vegetationis
1992 4083 2071 4159 gra-

678 4199 769 4276 dum
787 4199 1001 4302 significant.

822 4337 826 4344 '
1255 4353 1289 4444 s.
1339 4356 1404 4424 rx.

681 4497 737 4564 lta
758 4491 803 4564 ed
824 4489 998 4568 familiam
1018 4511 1179 4594 quartam
1203 4493 1424 4581 accedimus,
1444 4493 1490 4566 de
1506 4491 1611 4586 cujus
1629 4489 1913 4588 metamorphosi
1932 4489 1972 4564 in
1993 4513 2072 4588 spe·

427 4657 434 4672 ·
580 4627 635 4705 n‘e
656 4631 715 4708 hic
736 4635 875 4735 egitur:
1948 4641 2071 4740 Vege-¹
