4618 5348
879 445 1163 524 -„...

268 615 447 696 mesenas
465 610 597 688 'omnes
627 639 674 690 ex
691 615 832 690 librillis
857 620 1081 734 simplicibus
1106 637 1143 692 et
1166 619 1335 694 vericulis
1356 621 1457 696 vario
1487 561 1599 698 rubrio
1623 570 1756 730 conge·

270 761 335 833 stis
359 761 534 832 exstructi
558 776 663 846 sunt,
698 763 754 833 uti
786 757 994 862 conservae
1018 786 1039 834 e
1050 759 1260 862 filamentr's
1283 783 1320 837 et
1344 771 1478 862 spatis,
1506 791 1593 864 quas
1616 769 1753 846 formas

266 902 539 998 primordiales,
573 923 609 978 et
634 904 749 976 veluti
771 904 893 979 omnis
916 901 1176 1003 effigurationis
1197 908 1419 1003 vegetativae
1432 911 1639 1000 elementa,
1672 939 1752 986 om·
1871 965 1874 975 .

222 1051 228 1072 ¹
265 1045 324 1116 nis
346 1069 442 1118 nora
466 1027 632 1120 materies
654 1048 821 1145 organica
849 1048 890 1118 in
916 1049 1050 1142 plantis
1068 1048 1373 1156 perfectioribus,
1402 1074 1487 1124 cum
1512 1053 1673 1148 primum
1697 1079 1752 1128 sa·

265 1187 445 1272 cernitur,
474 1186 606 1262 induit.
648 1188 1002 1284 'inperfectissimis
1027 1189 1264 1278 lichenibus,
1295 1217 1325 1264 e.
1346 1217 1380 1289 g.
1407 1193 1447 1264 in
1473 1199 1663 1288 Peltirleis,
1690 1223 1774 1271 ves

263 1326 370 1422 stigio
392 1329 508 1421 prima
534 1335 844 1406 telae-cellulosae
869 1349 1088 1419 cernuntur,
1121 1331 1316 1406 clarissima
1345 1336 1441 1406 vitae
1465 1340 1673 1433 vegetabilis
1699 1327 1763 1414 al·'
1853 1362 1865 1368 “
1943 1405 1947 1418 .

261 1469 365 1544 tiaris
390 1471 542 1558 indicia,
567 1499 588 1544 a
613 1473 743 1571 quibus
767 1475 939 1548 transitus
964 1495 1108 1570 paratur
1132 1477 1297 1574 egregius
1320 1476 1365 1548 ad
1387 1475 1562 1553 familiam
1582 1483 1746 1557 tertiam

706 1597 978 1712 Hepotionrunt
1005 1618 1149 1690 schreb.
1180 1621 1306 1691 thtd.
1467 1609 1475 1622 ⁶
1759 1632 1791 1701 5.
1811 1637 1941 1720 Hapsu-

461 1759 699 1859 Vegetabr'lin
714 1755 898 1860 frondosa
921 1754 1178 1858 velfoliacea,
1204 1776 1411 1834 structurae
1433 1761 1650 1849 herbaceae,
1674 1769 1744 1840 cel·
1819 1737 1879 1785 Μ’

458 1905 605 1978 lulosae.
650 1907 887 2002 Propagatio
899 1897 1203 2002 frequentissimo
1222 1930 1289 2001 per
1306 1930 1485 2003 gemmas.
1527 1912 1644 1980 Samus
1661 1912 1744 1980 val·

456 2049 502 2120 de
518 2031 696 2120 obscurus.
747 2051 902 2120 macrus
923 2049 1114 2142 capsulam
1135 2041 1270 2147 refert,
1296 2051 1358 2121 vel
1381 2023 1479 2119 intro
1498 2048 1740 2126 substantiam

447 2185 601 2291 frondis
624 2193 849 2276 immersam,
878 2193 942 2263 vel
963 2181 1000 2260 in
1020 2193 1233 2288 pedunculis
1256 2193 1416 2288 propriis
1440 2194 1636 2264 elevatam.
1677 2197 1748 2274 See

455 2336 557 2405 mino
578 2333 634 2424 (?)
658 2338 840 2418 rotunda,
854 2330 938 2433 filis
961 2329 1228 2434 confervoidet's
1251 2335 1504 2430 adhaerentia.

353 2471 497 2546 Nullibi
530 2473 627 2546 forte
659 2475 699 2544 in
729 2476 833 2546 omni
858 2475 1009 2547 historia
1041 2476 1196 2546 naturali
1229 2477 1400 2558 transitus
1434 2478 1551 2550 elucet
1582 2475 1739 2551 familiae
1788 2559 1791 2568 s

239 2613 437 2688 ¹inferioris
470 2615 514 2688 ad
548 2617 695 2688 alteram
720 2617 807 2703 illo,
844 2620 884 2690 in
918 2618 1102 2713 Hepaticis
1137 2587 1347 2704 observato,
1383 2619 1596 2692 evidentior.
1664 2625 1736 2723 lm·
1798 2673 1805 2692 .
1853 2583 1855 2590 ,

250 2759 486 2855 perfectiora,
520 2759 742 2834 aBotanicis
770 2760 1026 2834 recentissimis
1053 2760 1225 2834 nominc:
1277 2760 1586 2860 Hornalloplrylla
1611 2785 1630 2832 a
1653 2761 1735 2832 reli·
1861 2750 1866 2782 ³

249 2903 330 3002 quis
355 2902 536 2995 sejuncta,
571 2927 655 2976 cum
680 2902 899 2978 Licbenibus
926 2901 1200 3000 perfectioribus
1229 2901 1320 2990 adeo
1351 2921 1577 3000 congruunt,
1615 2920 1657 2974 ut
1677 2923 1733 2974 ae·

247 3049 329 3146 gre,
363 3073 432 3120 nec
456 3048 528 3120 nisi
555 3066 734 3120 structura
757 3049 871 3144 magis
897 3049 1070 3120 cellulast
1093 3046 1288 3140 coloreque
1309 3045 1417 3117 viridi
1441 3042 1573 3140 plantis
1597 3040 1734 3138 perlec-

247 3188 401 3260 tioribus
424 3191 598 3282 proprio,
627 3191 669 3262 in
693 3190 915 3264 Lichenibus
936 3181 1229 3283 (collematibus)
1253 3205 1376 3261 eutem
1398 3185 1576 3261 rarissime
1600 3184 1731 3272 obvio,

244 3330 390 3428 possint
413 3327 597 3427 distingui.
1617 3325 1621 3332 ’

445 3439 570 3547 Riccia
596 3474 690 3546 intra
715 3477 950 3554 substantiam
973 3476 1201 3550 membranae
1223 3475 1344 3550 tenuis
1372 3473 1520 3562 viridis,
1554 3472 1729 3546 vesiculas

344 3605 734 3715 profert-gemmarum
754 3621 890 3692 virtute
913 3623 1107 3718 praeditas,
1133 3640 1169 3695 et
1194 3615 1354 3718 capsulas
1378 3619 1545 3720 globosus
1568 3620 1729 3703 clausos,

345 3762 487 3861 nigrae,
510 3761 556 3832 iis
581 3759 735 3847 similes,
757 3787 848 3858 quse
868 3754 908 3836 in
930 3764 1147 3838 verrucariis
1167 3766 1414 3838 observantur.

443 3907 571 3978 Blasio
597 3905 637 3977 in
664 3905 777 3977 simili
802 3908 1007 3982 membrana
1039 3925 1179 4003 praeter
1209 3905 1407 4002 propagulo
1437 3900 1613 3996 disperso,
1648 3921 1729 3996 cap·

344 4049 440 4122 sulas
459 4045 582 4134 fovet,
613 4049 807 4124 instructas
833 4049 984 4137 nabulo,
1010 4075 1075 4146 per
1099 4072 1209 4146 quem
1232 4065 1328 4122 statu
1352 4043 1567 4120 maturitatis
1591 4029 1727 4116 semina
1841 4095 1844 4104 a

343 4190 585 4278 adscendunt,
608 4217 741 4289 oreque
762 4192 840 4286 ejus
864 4209 989 4289 aperto
1014 4194 1181 4266 eduntur.

434 4313 742 4433 ,Sphaerocnrpus
767 4338 881 4410 Mich.
907 4336 1087 4430 capsulam
1111 4332 1252 4432 profert
1272 4331 1515 4435 pyrilormem
1543 4328 1727 4426 irregula-

343 4479 430 4554 riter
454 4459 705 4576 rumpentem,
728 4505 1034 4580 monospermam.

1057 4632 1083 4698 C
1106 4645 1127 4700 ς
1623 4673 1626 4684 .
1676 4617 1724 4686 In
