4618 5348
885 431 1171 514 -17-

281 613 453 710 togamiu
479 608 547 681 erit
571 606 843 703 incipiendum,
862 611 926 682 ubi
949 612 989 684 in
1006 613 1181 708 plumulis
1206 605 1365 716 maxime
1388 613 1608 710 imperfectis
1633 625 1777 723 saepius
1853 591 1854 594 Ἴ

275 753 488 830 difficillime
516 751 707 853 dijudices,
733 753 808 824 utri
828 778 943 853 regno
964 779 1030 851 per
1053 782 1093 830 se
1115 758 1321 832 viventium
1346 760 1421 832 sint
1441 761 1722 838 adscribendae?

318 981 319 984 Ἴ
371 899 526 972 Initium
559 897 674 970 totius
704 897 809 996 regni
842 899 1005 997 organici
1040 919 1077 974 et
1113 901 1272 974 maxime
1297 903 1562 1004 vegetabilium
1605 907 1772 984 materies

272 1043 336 1118 illa
360 1043 551 1140 singularis
576 1043 818 1134 Priestleyana
838 1042 1003 1150 exhibet,
1032 1046 1126 1118 acl
1143 1044 1337 1140 Priestley,
1363 1045 1427 1142 qui
1445 1048 1586 1142 primus
1605 1072 1684 1122 eam
1706 1050 1773 1130 ob.

271 1185 450 1271 servavit,
470 1184 574 1262 dicta.
612 1187 702 1284 Quis
723 1204 797 1274 est,
828 1188 893 1283 qui
919 1195 997 1260 non
1015 1187 1113 1262 istud
1136 1189 1321 1286 egregium
1336 1189 1488 1262 miretur
1505 1194 1768 1286 spectaculum,

272 1349 358 1402 cum
382 1327 485 1400 nisus
503 1345 651 1404 naturae
672 1329 713 1401 in
734 1331 1033 1428 vegetationem,
1050 1351 1214 1426 tempore
1240 1332 1380 1404 vernali
1399 1331 1587 1426 praecipue
1610 1333 1767 1427 pollens,

270 1469 311 1542 in
343 1473 448 1543 omni
472 1467 547 1544 fere
572 1497 663 1570 aqua
693 1473 908 1548 animalcula
929 1476 1049 1574 gignit
1072 1473 1267 1562 infusoria,
1297 1456 1457 1571 quorum
1481 1474 1549 1548 alia
1577 1493 1663 1569 post
1689 1476 1767 1550 bre·

271 1613 465 1702 vissimum
486 1585 625 1690 altioris
645 1618 741 1690 vitae
764 1619 920 1692 stadium
946 1617 1175 1704 moriuntur,
1206 1635 1242 1688 et
1266 1635 1349 1690 ante
1374 1618 1501 1688 oculos
1524 1618 1766 1697 observatoris

267 1756 309 1832 in
346 1761 593 1836 membranam
629 1765 881 1838 tenuissimam
913 1763 1070 1838 viridem
1101 1761 1310 1849 confluunt,
1346 1758 1411 1832 vix
1435 1759 1478 1830 ab
1509 1761 1615 1833 Ulvis
1640 1762 1768 1836 distin·

269 1903 471 1998 guendm,
498 1910 584 1998 alia,
617 1929 661 1984 ut
687 1931 771 1982 ante
797 1912 897 1980 huuc
920 1929 1058 1978 annum
1091 1904 1284 1980 observare
1310 1905 1484 2004 contigit,
1517 1929 1608 2001 quae
1631 1922 1764 1978 sunta

268 2065 424 2118 numero
457 2051 710 2122 Circuriarum
737 2055 797 2124 Ill.
826 2050 975 2140 Olenii,
1001 2047 1123 2122 statim
1149 2051 1189 2122 in
1214 2041 1317 2124 versi
1336 2045 1533 2122 Conietvas
1547 2049 1763 2124 increscunt.

466 2195 657 2294 Algarum
676 2191 835 2297 sensilia
849 2199 989 2292 'itaque
1019 2211 1201 2294 tanquam
1224 2197 1347 2308 primu
1377 2208 1433 2280 et,
1471 2207 1512 2264 ut
1534 2196 1590 2266 ito
1616 2195 1761 2284 dicum,
1796 2201 1827 2265 ιδ
1847 2193 1961 2281 Altae

469 2323 578 2412 radi
587 2341 663 2410 cal
672 2343 709 2414 is
738 2345 851 2412 totius
879 2343 986 2436 regni
1017 2357 1077 2432 cst,
1098 2341 1396 2437 contemplanda.
1439 2431 1442 2438 Ι

473 2483 517 2553 V
514 2480 713 2578 egetubilia
738 2483 914 2578 aquatica
926 2533 938 2568 ,
972 2496 1163 2556 contextus
1176 2479 1312 2584 fibrosi
1345 2485 1407 2556 vel
1438 2483 1647 2582 gelatiuosi.
1697 2485 1760 2556 Sc·

467 2649 537 2698 acus
561 2629 706 2714 nullus,-
736 2629 967 2722 propagatio
1000 2630 1061 2700 cel
1085 2653 1152 2724 per
1167 2623 1320 2728 foetum
1346 2628 1665 2722 anirnatumhvel
1692 2648 1760 2722 per

465 2773 631 2868 granula
666 2773 911 2844 minutissima
945 2774 1046 2842 intra
1077 2771 1321 2847 substantiam
1356 2771 1552 2867 planculae
1590 2769 1758 2839 nidulum·
1828 2823 1849 2912 ι

465 2917 532 3022 cio.
749 3003 757 3012 Ι
1908 2907 1914 2932 '

260 3123 265 3134 .
364 3056 447 3131 Vita
472 3059 639 3156 organica
672 3057 779 3132 dubia
806 3059 908 3155 quasi
936 3055 1087 3132 fluctuat
1109 3057 1205 3130 inter
1228 3056 1422 3130 animalem
1447 3074 1484 3128 et
1507 3053 1758 3152 vegetabilem.

264 3201 313 3268 in
333 3201 578 3292 Eccospermis
603 3223 640 3277 et
669 3206 908 3280 Oscillatoriis
939 3203 1041 3297 prior
1070 3202 1300 3312 dominatura
1334 3199 1374 3270 iu
1402 3194 1595 3305 Gortfercis
1620 3203 1757 3272 articu-

264 3341 352 3414 latis
379 3363 468 3412 vero
480 3393 491 3427 ,
517 3351 731 3438 quaesatio
756 3346 871 3420 modo
901 3363 1093 3444 congestae
1115 3364 1152 3417 et
1177 3344 1218 3416 in
1244 3367 1361 3414 unum
1386 3337 1564 3414 conflatae
1596 3341 1756 3422 diversas

265 3488 448 3558 Flrcorum
459 3483 596 3558 formas
611 3493 862 3579 constituunt,
881 3491 957 3565 vita
971 3488 1180 3586 vegetabilis
1202 3488 1363 3581 primum
1385 3485 1488 3582 quasi
1508 3481 1579 3555 fixa
1596 3499 1754 3579 apparet.

265 3631 324 3703 De
349 3629 415 3702 bac
441 3631 552 3703 classe
576 3631 722 3704 rediculi
746 3645 872 3709 naturis
893 3659 972 3706 non
997 3630 1156 3728 simplici
1179 3633 1273 3704 scala
1297 3631 1342 3703 ad
1363 3627 1499 3702 formas
1520 3625 1754 3723 perfectiores
1881 3677 1885 3686 ·

262 3767 465 3859 adscendit,
499 3778 581 3862 aeti,
615 3777 732 3852 veluti
752 3779 864 3868 arbor
887 3777 1016 3876 vigens
1038 3776 1179 3848 multos
1209 3797 1329 3862 ramos
1352 3771 1450 3845 varie
1473 3769 1611 3844 divisos
1638 3772 1677 3841 in
1702 3771 1754 3842 al·

197 4009 200 4014 Ι
259 3929 342 3990 tum
365 3919 520 4006 emittit,
552 3891 643 3995 alios
668 3941 795 3996 autem·
820 3903 870 3996 id·
893 3923 1004 3996 latera
1033 3937 1070 3994 et
1101 3917 1242 4026 saepius
1277 3917 1322 3990 ad
1348 3932 1480 3987 terram
1504 3910 1675 4012 reflectit,
1701 3911 1753 3986 ita

260 4059 302 4133 in
327 4065 453 4159 quavis
475 4062 694 4140 familiarum
716 4051 946 4162 sequentium
974 4057 1110 4139 formae
1130 4079 1346 4148 occurrunt,
1371 4058 1502 4157 quibus
1524 4079 1610 4130 cum
1631 4053 1752 4150 Alpis,

262 4223 299 4276 et
325 4208 432 4294 aliae,
465 4168 596 4306 quibui
629 4235 714 4285 cum
745 4211 824 4284 aliis
854 4208 1003 4284 familiis
1037 4219 1331 4282 connectuntur.j
1377 4210 1423 4276 In
1459 4199 1629 4272 omnibus
1659 4213 1751 4267 vero

259 4347 393 4442 Plancis
413 4355 690 4454 cryptcgumicis
714 4355 848 4432 indicia
872 4356 1110 4432 observantur
1133 4349 1468 4446 metamorphoseos
1494 4366 1514 4414 c
1538 4337 1675 4414 familia
1696 4335 1752 4415 ts·

258 4489 385 4568 dicut-

1068 4646 1097 4715 C
1283 4653 1288 4658 '
1628 4624 1746 4706 Fami·
