4618 5348
849 388 1020 534 ...23
1076 471 1136 500 ..-

248 649 292 705 ut
319 654 364 704 ex
384 628 561 704 fasciculis
586 628 724 706 duabus
748 629 945 722 majoribus
971 652 1008 706 et
1028 635 1143 708 tribus
1160 631 1364 708 minoribus
1386 619 1427 706 in
1452 633 1574 732 stipite
1595 639 1737 737 Aspidii

249 776 370 848 silicis
396 775 505 846 maris
536 774 674 870 optime
700 793 819 871 patet·
856 777 897 848 in
926 778 1112 852 Osmunda
1141 777 1295 877 regali
1282 804 1323 850 an
1355 776 1512 854 formam
1541 781 1681 860 litterae
1705 795 1735 864 c

197 880 202 887 ¹
247 917 358 991 dense
387 917 455 990 sibi
485 906 666 1012 adposita,
701 919 977 1015 dispositionem
1002 935 1133 1016 petunt
1155 924 1392 1081 regularem,
1410 922 1455 998 ad
1479 911 1651 1015 radiatam
1679 955 1737 1006 oc·

248 1056 437 1132 cedentem
457 1059 505 1152 *).

348 1211 446 1301 Quae
465 1205 588 1278 omnia
604 1204 779 1280 familiam
799 1209 891 1280 hanc
911 1206 1052 1281 Muscis
1070 1205 1238 1280 altiorem
1259 1167 1396 1306 ponere
1417 1211 1586 1303 suadent,
1612 1239 1736 1312 quam·

184 1403 192 1414 .
245 1347 303 1418 vis
326 1347 513 1444 hucusque
537 1350 777 1424 instrumenta
803 1375 911 1424 sexus
941 1350 1153 1447 (posteriori
1170 1353 1262 1424 serie
1287 1361 1452 1450 excepta)
1480 1357 1645 1457 detegere
1669 1361 1735 1434 bo·

245 1490 451 1564 canicorum
476 1493 599 1566 studio
623 1494 791 1566 nondum
827 1493 991 1592 contigit
1041 1501 1130 1572 Non
1153 1517 1302 1589 possum
1329 1497 1428 1570 enim
1452 1498 1492 1571 in
1516 1502 1734 1577 sententiam
1855 1527 1857 1530 ·

244 1631 341 1706 abire
367 1634 576 1712 amicissimi
601 1642 747 1724 Martii,
773 1639 836 1734 qui
859 1662 993 1736 organa
1017 1651 1126 1710 'sexus
1150 1638 1190 1710 in
1214 1639 1420 1712 membrana
1444 1642 1528 1728 illa,
1553 1666 1636 1718 vasa
1660 1643 1733 1738 spi·

244 1777 330 1848 ralia
355 1779 589 1864 involvente,
612 1779 812 1876 quaerenda
839 1804 915 1853 esse
940 1781 1148 1864 existiman
1173 1799 1374 1876 propterea,
1395 1784 1494 1879 quod
1514 1785 1603 1858 haec
1615 1808 1734 1872 mem-

243 1919 351 1993 brana
381 1923 484 1996 rimis
516 1923 646 1996 similis
676 1925 767 1996 mihi
797 1923 962 2014 videtur,
997 1925 1090 1998 telae
1121 1923 1315 1998 cellulosao
1344 1927 1559 2016 emarcidas,
1588 1921 1732 2004 indusio

244 2067 492 2143 constituenti.
645 2021 658 2044 ¹

344 2216 546 2309 Copaulae,
571 2211 610 2284 in
634 2211 994 2310 Epiphyllospermis
1005 2217 1143 2290 annulo
1169 2213 1364 2291 ar'tificioso
1388 2213 1589 2310 praeditae,
1616 2210 1729 2312 modo

242 2353 512 2450 simplicissimo
535 2380 582 2430 ex
606 2325 900 2452 praecipitatione
932 2360 1085 2453 quadam
1119 2363 1211 2434 telae
1244 2361 1436 2433 cellulosae
1460 2358 1651 2443 oriuntur,
1687 2373 1732 2430 ut
1769 2397 1774 2413 ·
1817 2348 1821 2358 ⁴

242 2497 401 2586 semina,
425 2499 471 2571 iis
493 2500 654 2585 inclusa,
676 2503 800 2598 magis
826 2505 1142 2601 propagationem,
1166 2528 1274 2600 quam
1293 2503 1477 2576 seminum
1498 2523 1638 2577 nomen
1653 2499 1730 2571 me·
1854 2595 1857 2602 Ι

241 2661 398 2714 reantur.
449 2643 573 2750 Liceat
605 2642 697 2714 mihi
727 2643 787 2714 hio
820 2645 1015 2738 spectaculi
1044 2646 1180 2744 egregii
1209 2647 1437 2719 mentionem
1463 2641 1599 2732 iacere,
1629 2639 1731 2740 quod
1816 2687 1822 2700 -

239 2789 405 2884 capsulae
431 2759 854 2884 Epiphyllospermarum
879 2786 947 2857 sub
972 2792 1028 2859 M.
1055 2789 1166 2893 solari
1189 2788 1379 2882 praebent,
1413 2788 1503 2862 dum
1531 2809 1661 2886 magns
1688 2783 1730 2860 vi
1773 2839 1778 2846 -

240 2935 367 3018 annuli
389 2932 609 3018 flectuntur,
643 2929 734 3003 mira
761 2928 941 3002 celeritate
970 2931 1108 3003 semina
1135 2920 1361 3022 ejaculantes.
1398 2932 1522 3032 Quod
1549 2927 1730 3022 adsessi-

241 3077 299 3172 gia
322 3079 667 3173 'metamorphoseos
701 3115 749 3134 -
784 3069 1050 3146 observandum
1085 3091 1159 3160 est,
1185 3076 1275 3151 ,hacc
1300 3099 1346 3148 eo
1378 3076 1494 3174 magis
1527 3073 1729 3162 ffismrerm

242 3239 317 3312 quo
344 3217 456 3313 magis
480 3223 621 3312 plantae
644 3221 734 3294 istae
759 3215 1035 3316 Phanerogamis
1060 3215 1245 3290 accedunt:

343 3365 481 3431 Tenem
505 3358 567 3428 illa
590 3361 745 3456 lanugo,
766 3383 859 3458 quae
879 3357 968 3433 folia
993 3356 1137 3451 juniora
1154 3377 1191 3432 et
1207 3359 1364 3454 stipites,
1391 3380 1422 3429 e.
1444 3378 1479 3454 g.
1504 3355 1544 3426 in
1570 3358 1727 3429 Osmun·

242 3509 286 3580 da
311 3502 432 3604 regali,
457 3521 562 3595 saepe
587 3499 746 3586 obducit,
764 3501 1105 3596 subMicrosoopio
1131 3503 1336 3596 composito
1361 3501 1561 3574 aemulatur
1578 3493 1728 3570 Confer·

241 3676 325 3724 vam
356 3645 427 3718 filis
452 3643 677 3738 aequalibus,
702 3643 819 3739 sporis
845 3646 1052 3721 destitutam
1064 3669 1076 3726 ;
1110 3663 1217 3740 atque
1239 3645 1325 3715 haec
1344 3643 1434 3729 -fila,
1458 3641 1555 3714 inter
1578 3661 1729 3717 secon-

242 3815 356 3875 nexa,
388 3802 551 3886 sqtmmas
580 3809 645 3857 seu
676 3783 811 3878 spaless
835 3783 1047 3874 efformant,
1072 3787 1113 3858 in
1135 3787 1319 3883 pluribus,
1347 3807 1376 3856 e.
1397 3771 1444 3880 g.¹
1465 3780 1641 3875 Aspidiis,
1666 3803 1727 3851 oc·

242 3949 438 4010 cistrentes.
485 3935 529 4000 In
553 3929 632 4000 aliis
651 3923 868 4014 Generibus,
894 3953 930 4001 v.
948 3955 982 4028 g.
1008 3931 1048 4002 in
1067 3930 1227 4015 Pteride,
1254 3923 1427 4018 Aspidio,
1449 3923 1637 3997 fructuum
1655 3921 1728 4018 pri·

243 4075 416 4165 mordiis,
438 4071 652 4172 parsphyses
676 4092 843 4170 quoque,
868 4069 913 4144 iis
932 4065 1150 4148 Muscotum
1173 4068 1397 4155 simillimae,
1422 4066 1683 4142 immiscentur.

1622 4213 1739 4282 Dum.

297 4427 327 4515 ¹)
357 4421 547 4511 Singularis
575 4433 627 4490 est
656 4422 801 4492 filicibus
824 4421 948 4491 similis
978 4419 1158 4510 dispositio
1184 4439 1347 4487 vasorum
1368 4368 1550 4507 spiralium
1572 4415 1609 4486 in
1629 4396 1725 4486 caule

262 4587 265 4594 ·
364 4547 498 4620 colea·
518 4547 709 4618 scandentis
731 4571 775 4620 ex
797 4545 1035 4620 observatione
1054 4541 1356 4636 lllpfflrogmmsii.
1376 4575 1418 4596 ·-
1506 4651 1510 4658 Ι
