4618 5348
826 437 1160 496 μιν-11η-

300 644 306 655 ’
415 617 664 721 Vegtmsttis
683 617 788 692 caule
808 639 858 688 oc
873 609 981 726 foliis
1002 615 1172 688 domem
1181 599 1423 713 effommtis
1403 625 1615 693 restructas
1639 625 1754 686 stene-
1775 614 1806 682 4.
1824 619 1929 682 Mosei

384 781 525 844 torae
544 767 753 842 osllulosoe
784 767 1118 834 Imtrumentarum
1140 756 1428 831 masculinorum
1450 758 1658 853 premonet-a
1682 762 1759 830 Sine
1773 699 1932 785 frondosi.

160 989 170 1004 ,
265 923 270 926 ’
411 929 507 985 vera
528 905 725 1010 funofiorse
750 907 967 979 musmones.

468 1058 624 1126 Fructus
648 1054 838 1148 capsulam
864 1042 980 1150 refert
1011 1049 1226 1145 plerumque
1244 980 1472 1147 vegetior-iter
1499 1050 1759 1146 cperculntam

419 1220 466 1267 ac
490 1221 583 1269 vera
608 1199 748 1270 omnino
772 1193 930 1294 globoso
955 1193 1057 1264 nudo
1082 1196 1339 1266 continentem.

348 1320 504 1432 'Sporae
529 1357 636 1437 etque
659 1337 720 1412 filo
741 1335 901 1426 familiae
926 1333 1090 1408 satiastis
1111 1336 1274 1432 primum
1290 1335 1330 1408 in
1353 1336 1409 1410 tm
1430 1335 1603 1432 plantulis
1619 1339 1661 1410 in
1681 1361 1763 1412 cau·

270 1479 402 1554 liculos
429 1501 466 1554 et
489 1477 581 1556 dolia
606 1500 762 1568 coeunt,
798 1481 868 1554 tela
895 1480 1071 1552 cellolosa
1092 1480 1334 1576 pulcherrima
1357 1497 1547 1565 contextae
1572 1500 1610 1554 et
1628 1483 1764 1586 mulis,

272 1623 358 1696 licet
380 1623 421 1698 in
448 1623 705 1715 inferioribus,
741 1650 775 1700 v.
796 1649 833 1726 g.
855 1625 895 1696 in
918 1622 1082 1710 Phascis,
1111 1621 1178 1698 vix
1204 1625 1456 1710 obses-rabilis,
1486 1625 1528 1698 in
1550 1625 1765 1723 perfectissi-
1851 1619 1857 1628 '

273 1768 361 1852 mis,
392 1769 499 1841 utin
530 1775 707 1846 Clr'mocio
733 1767 1170 1856 dmdroide,··orbusculi
1194 1767 1390 1866 imaginem
1411 1765 1529 1866 lingit.
1581 1767 1766 1842 andraea

273 1913 415 2006 capsula
441 1937 506 1986 sua
529 1917 787 2012 qrrarlrioolvi,
822 1913 884 1986 sed
910 1913 1146 2012 operculum,
1165 1917 1325 1986 *Muscos
1355 1935 1441 1984 eom
1465 1907 1602 1984 familia
1626 1929 1767 1984 antece-

275 2050 381 2126 denti
401 2059 543 2156 egregie
569 2059 694 2130 nectit.
746 2061 990 2158 Propcgrtlo,
1015 2055 1284 2152 simplicissima
1308 2053 1348 2126 in
1367 2054 1608 2141 Liaheaibus,
1634 2053 1767 2126 bulbil·
1832 2045 1833 2048 '

272 2195 330 2270 los
357 2197 546 2274 referentia
569 2201 610 2272 in
633 2202 837 2296 Hepaticis,
861 2225 982 2288 nunc,
1015 2225 1090 2298 qno
1117 2201 1239 2272 minus
1262 2198 1484 2296 frequentis,
1508 2221 1553 2270 eo
1575 2199 1691 2294 magis
1714 2195 1768 2272 sf-

271 2336 447 2430 formata‚
470 2346 698 2420 antherbs
723 2347 951 2416 sirnulont
973 2347 1249 2440 plantarum
1274 2341 1622 2446 perfectiorum
1637 2365 1768 2438 cosque

273 2481 314 2556 in
341 2488 522 2584 plerisque
552 2488 624 2560 iilis
648 2483 915 2560 confervoideis
939 2487 1104 2583 stipatas,
1134 2489 1489 2584 (metamorphoseos
1510 2509 1531 2558 e
1554 2485 1691 2560 familia
1713 2509 1770 2558 ra·
1807 2548 1809 2558 ι

277 2625 384 2698 dicali
405 2629 613 2722 indicium.)
662 2637 778 2717 Haec,
809 2653 917 2704 more
941 2633 1246 2727 propagulorum,
1271 2631 1556 2706 exabundantia
1579 2630 1677 2704 succi
1702 2653 1772 2702 nu·

278 2770 372 2842 tritii
396 2773 575 2872 originem
598 2775 764 2862 trabunt,
785 2791 828 2846 ut
845 2797 891 2844 ex
910 2773 1084 2874 plantulis
1105 2778 1243 2848 nostris
1267 2779 1331 2867 (N.
1347 2780 1396 2867 ι.)
1414 2774 1499 2847 satia
1514 2791 1624 2870 patet.
1659 2779 1770 2862 Tum,

277 2914 318 2986 vi
341 2916 580 3016 vegetationis
606 2937 728 3004 ancta,
756 2915 979 2993 aCon'ferva
994 2923 1147 2994 Museus
1173 2919 1316 2992 elicitur
1341 2915 1575 3005 tenerrimus,
1607 2917 1667 2991 vel
1688 2917 1771 2990 bul·

181 3088 190 3110 ·
275 3057 375 3132 billis
395 3061 603 3138 exilioribus
628 3081 803 3150 onustus,
836 3064 896 3138 vel
924 3063 965 3134 in
988 3064 1087 3158 apice
1110 3057 1299 3158 proferens
1326 3087 1508 3160 gemmam
1529 3063 1635 3132 istam
1655 3059 1769 3157 magis

279 3201 538 3294 compositam,
561 3209 643 3295 (seu
664 3205 793 3280 liorem
818 3209 1062 3280 masculinum
1093 3207 1151 3278 ΙΙΙ.
1177 3205 1405 3302 Hedwigii.).
1427 3237 1476 3262 -·-
1499 3211 1668 3278 Ceterum
1690 3227 1771 3274 om·

277 3364 344 3417 nes
377 3342 627 3420 observatores
661 3351 702 3422 in
726 3375 770 3424 eo
794 3351 1038 3437 conveniunt,
1070 3348 1170 3445 quod
1199 3349 1335 3443 pistillo
1360 3353 1599 3432 Muscorum,
1623 3346 1663 3416 vi
1686 3367 1771 3440 pro·

279 3488 358 3584 pria
382 3489 707 3584 hermaphroditica
735 3495 915 3588 praedita,
939 3517 1026 3570 vera
1050 3492 1188 3566 semina
1214 3493 1378 3587 proferre
1405 3487 1605 3573 affirmem
1636 3487 1698 3560 sed
1722 3510 1769 3562 ex

279 3629 477 3708 seminibus
511 3631 568 3704 his
597 3635 882 3732 germinantibus
914 3638 1023 3730 initio
1056 3661 1198 3733 semper
1231 3637 1432 3712 confessae
1466 3632 1667 3730 prodeunt,
1700 3628 1769 3704 sibi

278 3776 437 3848 maxime
457 3777 595 3850 similes
618 3777 880 3871 (cotyledones
903 3779 1189 3855 Muscorum'ab
1206 3781 1284 3854 aliis
1306 3781 1454 3872 habiti),
1477 3796 1520 3851 ut
1536 3776 1671 3850 assumi
1687 3797 1770 3872 pos·
1887 3771 1888 3774 ’

210 3971 216 3978 -
279 3920 346 4007 sit,
378 3919 518 3995 semino
539 3923 626 3994 haec
650 3920 961 4018 imperfectissima
986 3923 1183 4000 conservas
1203 3923 1403 4020 producere
1429 3911 1568 3994 altioris
1593 3919 1690 3994 vitae
1713 3919 1769 3988 in·
1900 3993 1902 3998 ,

281 4065 367 4140 dole
390 4063 632 4188 pmeditas,
620 4083 690 4154 ιιι,
723 4086 978 4166 nonunquam
1003 4070 1088 4193 setis
1115 4067 1437 4166 mirandum‚quo
1463 4064 1598 4148 modo,
1627 4087 1673 4134 ex
1698 4058 1769 4130 iilis

281 4211 339 4282 bis
364 4211 523 4286 maximo
550 4209 619 4283 sibi
643 4211 823 4286 similibus
848 4230 885 4284 et
912 4177 1190 4308 simplicissimis
1212 4209 1385 4286 formae
1373 4229 1462 4286 istae
1484 4211 1647 4281 oriantur
1672 4225 1770 4275 sum·

281 4379 431 4450 mopere
456 4353 637 4445 diversae,
667 4375 758 4454 quae
786 4358 827 4430 in
850 4356 1092 4454 pulcherrima
1115 4357 1180 4428 hac
1209 4353 1344 4429 familia
1375 4367 1581 4427 occurrunt.
1630 4347 1772 4444 Species

285 4523 368 4574 ram
394 4523 523 4602 aragne
546 4501 651 4599 copia
675 4503 716 4574 in
740 4503 828 4578 duas
848 4501 958 4577 ‘series
979 4503 1158 4577 namrsles
1182 4502 1356 4590 discedit,
1381 4517 1534 4596 querum
1559 4493 1670 4566 alters
1754 4549 1761 4558 .

1672 4636 1773 4714 rodi·
