4618 5348
1150 406 1431 460 *Vl-¹·

547 592 697 688 harpae
731 573 898 655 chordas
933 571 1085 670 tetigit,
1115 569 1335 667 liberisque
1367 592 1463 644 eum
1490 565 1842 642 circumstantibus
1872 583 2040 663 versus,

551 762 623 861 qui
649 747 850 830 infantiles
875 749 953 830 iam
977 745 1134 815 animos
1161 763 1306 814 eorum
1327 729 1617 826 demulserunt,
1647 738 1830 812 cantavit
1882 743 2037 817 Verum

550 927 719 1030 Propius
745 919 956 1013 ingruente
986 927 1137 994 morte,
1172 908 1314 992 tacuit,
1342 907 1616 1003 ultimumque
1640 903 1752 978 diem
1777 928 1915 982 secum
1943 935 2040 1008 qua·

553 1096 588 1171 si
614 1081 887 1186 computando
911 1071 1170 1178 praefinitum
1197 1075 1358 1164 celavit,
1389 1091 1429 1149 et
1454 1074 1631 1173 denique
1649 1073 1784 1148 media
1806 1072 1891 1150 fere
1916 1092 2037 1154 nocte

502 1283 505 1288 ·
551 1264 721 1337 immota
747 1273 869 1336 voce,
897 1245 1075 1342 quietus:
1126 1244 1336 1316 ”Arcessas
1364 1243 1564 1338 liberos,u
1592 1245 1727 1342 inquit
1749 1246 1889 1338 uxori,
1932 1250 2040 1338 ”jam

551 1429 662 1503 enim
689 1421 885 1506 morior.u
933 1412 1137 1487 Flentibus
1172 1435 1268 1484 mox
1299 1409 1401 1484 illis:
1463 1413 1647 1505 ”Valete,
1683 1414 1804 1502 dixit,
1843 1430 1884 1488 et
1914 1415 2036 1490 colite

552 1545 690 1668 Deum
709 1604 976 1684 matremque,
998 1607 1065 1656 me
1088 1597 1223 1656 autem
1247 1567 1353 1654 mihi
1378 1581 1594 1680 relinquite
1621 1597 1660 1658 et
1685 1603 1826 1658 rursus
1851 1581 2037 1658 cubitum

553 1762 609 1836 ite
624 1759 662 1854 l„

652 1927 830 2001 Transiit
852 1936 945 2024 post
965 1921 1082 2010 haec;
1110 1934 1295 1994 mortuus
1322 1917 1434 1992 euim
1456 1940 1544 1993 nou
1569 1935 1647 2009 est,
1676 1919 1748 2017 qui
1768 1920 1912 1994 mortis
1931 1945 2039 1996 ama·
2082 1979 2087 1986 .

553 2095 775 2174 titudinem
805 2091 883 2165 Dei
908 2088 1058 2161 auxilio
1085 2088 1193 2161 vicit.

652 2263 737 2360 Ego
766 2283 885 2346 vero,
921 2267 1050 2328 tantae
1078 2253 1287 2352 probitatis
1322 2277 1500 2344 memor,
1537 2254 1583 2330 id
1618 2253 1753 2328 solum
1788 2249 1934 2345 doleo,
1970 2281 2037 2334 me

550 2455 626 2534 per
656 2428 795 2526 longas
831 2422 1013 2522 ambages
1046 2441 1155 2494 nunc
1185 2420 1353 2498 demum
1382 2422 1432 2496 ad
1456 2448 1601 2498 verum
1632 2439 1672 2497 et
1701 2423 1904 2524 integrum
1930 2429 2037 2502 vitae
2071 2487 2091 2496 ..

552 2620 745 2698 scopum,
779 2588 1124 2668 absolutissimum
1155 2605 1318 2666 naturae
1351 2589 1554 2678 studium,
1583 2593 1796 2683 Virorum,
1824 2557 1927 2694 quos
1952 2596 2039 2696 pris

551 2793 622 2844 mo
653 2769 744 2842 loco
773 2757 985 2866 ponendos
1011 2759 1171 2860 putavi,
1197 2758 1399 2851 doctrina,
1429 2785 1668 2861 summaque
1691 2764 1829 2868 inme
1854 2764 2034 2840 benevo-

553 2937 673 3010 lentia
692 2935 895 3019 delatum,
921 2929 1044 3028 patri,
1069 2927 1168 3002 dum
1193 2929 1367 3016 viveret,
1400 2925 1534 3002 dicere
1550 2921 1635 3004 non
1655 2937 1855 3032 potuisse:
1883 2927 2033 3000 ”Ecce!

555 3123 675 3200 quem
711 3124 733 3172 a
767 3097 825 3168 Te
856 3094 959 3167 mihi
987 3096 1213 3194 ingenitum
1249 3094 1323 3168 diu
1353 3121 1516 3172 mecum
1535 3095 1634 3216 ''fovi
1667 3101 1803 3170 nisum
1830 3095 1958 3172 animi
1989 3096 2035 3170 in

554 3265 760 3340 scientiam
786 3263 1030 3350 naturalem,
1069 3264 1161 3338 licet
1188 3265 1298 3338 huuc
1330 3263 1493 3340 tandem
1518 3265 1643 3353 mihi,
1676 3269 1837 3342 Horum
1862 3264 2037 3340 admini-

552 3434 652 3531 culis
681 3447 791 3522 tuto,
827 3431 957 3532 palam
993 3427 1174 3532 profiteri
1208 3449 1326 3532 atque
1361 3461 1625 3536 peromnem
1661 3437 1858 3534 reliquam
1885 3434 2033 3522 vitam,

550 3615 738 3696 tanquam
764 3601 975 3700 proprium
1002 3597 1202 3691 officium,
1227 3603 1353 3678 libere
1373 3607 1585 3707 prosequi,
1613 3603 1763 3696 donec,
1790 3625 1893 3706 quae
1916 3597 2033 3676 dedi·

550 3764 622 3854 sti,
651 3789 800 3840 nomen
825 3784 863 3841 et
887 3773 1062 3846 animam
1090 3770 1296 3866 reddam.u

551 3985 1335 4018 Ἥ
1362 4009 1369 4020 ,

625 4127 769 4195 Ioannes
793 4131 969 4196 conradus
994 4135 1100 4217 Nera,
1127 4150 1225 4202 natus
1256 4139 1311 4204 die
1331 4139 1467 4210 xxvl.
1489 4143 1587 4212 Febr.
1614 4137 1665 4216 A}
1681 4145 1724 4214 C.
1743 4139 2034 4217 Muccxxxvt

626 4276 725 4348 Obiit
745 4279 801 4348 (lio
822 4279 871 4351 18·
891 4281 1101 4368 Septembris
1124 4283 1168 4354 Α.
1194 4285 1234 4351 Ο.
1256 4287 1532 4362 Mucccxvfl.

1049 4472 1492 4510 nm
