<?xml version="1.0" encoding="UTF-8"?>
<!DOCTYPE html PUBLIC "-//W3C//DTD XHTML 1.0 Transitional//EN"
    "http://www.w3.org/TR/xhtml1/DTD/xhtml1-transitional.dtd">
<html xmlns="http://www.w3.org/1999/xhtml" xml:lang="en" lang="en">
 <head>
  <title>
</title>
<meta http-equiv="Content-Type" content="text/html;charset=utf-8" />
  <meta name='ocr-system' content='tesseract 3.04.00' />
  <meta name='ocr-capabilities' content='ocr_page ocr_carea ocr_par ocr_line ocrx_word'/>
</head>
<body>
  <div class='ocr_page' id='page_1' title='image "./demuscorumpropa00unkngoog_0031.png"; bbox 0 0 4618 5348; ppageno 0'>
   <div class='ocr_carea' id='block_1_1' title="bbox 1189 439 1484 518">
    <p class='ocr_par' dir='ltr' id='par_1_1' title="bbox 1189 439 1484 518">
     <span class='ocr_line' id='line_1_1' title="bbox 1189 439 1484 518; baseline 0.007 -34"><span class='ocrx_word' id='word_1_1' title='bbox 1189 439 1484 518; x_wconf 62' lang='grc' dir='ltr'>..ι-24..</span> 
     </span>
    </p>
   </div>
   <div class='ocr_carea' id='block_1_2' title="bbox 589 615 2151 1440">
    <p class='ocr_par' dir='ltr' id='par_1_2' title="bbox 589 615 2151 996">
     <span class='ocr_line' id='line_1_2' title="bbox 687 615 2151 718; baseline -0.003 -18"><span class='ocrx_word' id='word_1_2' title='bbox 687 631 790 701; x_wconf 87' lang='lat' dir='ltr'><strong>Dum</strong></span> <span class='ocrx_word' id='word_1_3' title='bbox 805 621 877 696; x_wconf 90' lang='lat' dir='ltr'><strong>hoc</strong></span> <span class='ocrx_word' id='word_1_4' title='bbox 894 616 1009 692; x_wconf 86' lang='lat' dir='ltr'><strong>modo</strong></span> <span class='ocrx_word' id='word_1_5' title='bbox 1024 615 1068 690; x_wconf 84' lang='lat' dir='ltr'><strong>ab</strong></span> <span class='ocrx_word' id='word_1_6' title='bbox 1086 615 1151 702; x_wconf 87' lang='lat' dir='ltr'><strong>iis,</strong></span> <span class='ocrx_word' id='word_1_7' title='bbox 1176 641 1267 714; x_wconf 86' lang='lat' dir='ltr'><strong>quae</strong></span> <span class='ocrx_word' id='word_1_8' title='bbox 1288 615 1384 689; x_wconf 88' lang='lat' dir='ltr'><strong>inter</strong></span> <span class='ocrx_word' id='word_1_9' title='bbox 1410 617 1789 714; x_wconf 82' lang='lat' dir='ltr'><strong>Epipbyllospermss,</strong></span> <span class='ocrx_word' id='word_1_10' title='bbox 1811 641 1985 696; x_wconf 85' lang='lat' dir='ltr'><strong>vasorum</strong></span> <span class='ocrx_word' id='word_1_11' title='bbox 2006 624 2080 718; x_wconf 83' lang='lat' dir='ltr'><strong>spi·</strong></span> <span class='ocrx_word' id='word_1_12' title='bbox 2147 647 2151 652; x_wconf 92' lang='lat'><em>·</em></span> 
     </span>
     <span class='ocr_line' id='line_1_3' title="bbox 589 762 2101 862; baseline -0.009 -13"><span class='ocrx_word' id='word_1_13' title='bbox 589 774 720 850; x_wconf 77' lang='lat' dir='ltr'><strong>talium</strong></span> <span class='ocrx_word' id='word_1_14' title='bbox 737 767 903 850; x_wconf 84' lang='lat' dir='ltr'><strong>delectu,</strong></span> <span class='ocrx_word' id='word_1_15' title='bbox 922 764 1063 838; x_wconf 87' lang='lat' dir='ltr'><strong>Muscis</strong></span> <span class='ocrx_word' id='word_1_16' title='bbox 1077 762 1275 846; x_wconf 85' lang='lat' dir='ltr'><strong>accedunt,</strong></span> <span class='ocrx_word' id='word_1_17' title='bbox 1297 787 1328 835; x_wconf 87' lang='lat' dir='ltr'><strong>e.</strong></span> <span class='ocrx_word' id='word_1_18' title='bbox 1344 787 1382 860; x_wconf 90' lang='lat' dir='ltr'><strong>g.</strong></span> <span class='ocrx_word' id='word_1_19' title='bbox 1403 762 1666 837; x_wconf 85' lang='lat' dir='ltr'><strong>Tricbomauni</strong></span> <span class='ocrx_word' id='word_1_20' title='bbox 1688 783 1777 852; x_wconf 75' lang='lat' dir='ltr'><strong>etc,</strong></span> <span class='ocrx_word' id='word_1_21' title='bbox 1801 767 2101 862; x_wconf 76' lang='lat' dir='ltr'><strong>perstecbyop·.</strong></span> 
     </span>
     <span class='ocr_line' id='line_1_4' title="bbox 589 907 1627 996; baseline -0.009 -3"><span class='ocrx_word' id='word_1_22' title='bbox 589 918 722 992; x_wconf 74' lang='lat' dir='ltr'><strong>tendes</strong></span> <span class='ocrx_word' id='word_1_23' title='bbox 747 913 854 986; x_wconf 88' lang='lat' dir='ltr'><strong>altius</strong></span> <span class='ocrx_word' id='word_1_24' title='bbox 874 909 1124 996; x_wconf 72' lang='lat' dir='ltr'>ascendamus,</span> <span class='ocrx_word' id='word_1_25' title='bbox 1149 910 1189 980; x_wconf 90' lang='lat' dir='ltr'><strong>in</strong></span> <span class='ocrx_word' id='word_1_26' title='bbox 1209 909 1347 982; x_wconf 84' lang='lat' dir='ltr'><strong>duabus</strong></span> <span class='ocrx_word' id='word_1_27' title='bbox 1375 907 1433 980; x_wconf 86' lang='lat' dir='ltr'><strong>his</strong></span> <span class='ocrx_word' id='word_1_28' title='bbox 1457 907 1627 986; x_wconf 76' lang='lat' dir='ltr'><strong>seriebus.</strong></span> 
     </span>
    </p>

    <p class='ocr_par' dir='ltr' id='par_1_3' title="bbox 589 1048 2084 1440">
     <span class='ocr_line' id='line_1_5' title="bbox 691 1048 2082 1153; baseline -0.007 -20"><span class='ocrx_word' id='word_1_29' title='bbox 691 1059 845 1133; x_wconf 59' lang='lat' dir='ltr'><strong>utendis</strong></span> <span class='ocrx_word' id='word_1_30' title='bbox 868 1079 1033 1128; x_wconf 85' lang='lat' dir='ltr'><strong>summae</strong></span> <span class='ocrx_word' id='word_1_31' title='bbox 1059 1055 1275 1126; x_wconf 74' lang='lat' dir='ltr'><em>evolationis</em></span> <span class='ocrx_word' id='word_1_32' title='bbox 1287 1048 1493 1153; x_wconf 80' lang='lat' dir='ltr'><strong><em>fastigium</em></strong></span> <span class='ocrx_word' id='word_1_33' title='bbox 1514 1049 1617 1126; x_wconf 87' lang='lat' dir='ltr'><strong>lacile</strong></span> <span class='ocrx_word' id='word_1_34' title='bbox 1635 1052 1892 1152; x_wconf 76' lang='lat' dir='ltr'><strong>intelligemus.</strong></span> <span class='ocrx_word' id='word_1_35' title='bbox 1918 1058 1963 1126; x_wconf 91' lang='lat' dir='ltr'><strong>1n</strong></span> <span class='ocrx_word' id='word_1_36' title='bbox 1982 1053 2082 1146; x_wconf 82' lang='lat' dir='ltr'>Rhy-</span> 
     </span>
     <span class='ocr_line' id='line_1_6' title="bbox 589 1193 2084 1300; baseline -0.005 -22"><span class='ocrx_word' id='word_1_37' title='bbox 589 1201 820 1300; x_wconf 84' lang='lat' dir='ltr'><strong>zopteridum</strong></span> <span class='ocrx_word' id='word_1_38' title='bbox 845 1199 967 1283; x_wconf 85' lang='lat' dir='ltr'><strong>brevi,</strong></span> <span class='ocrx_word' id='word_1_39' title='bbox 992 1221 1111 1293; x_wconf 88' lang='lat' dir='ltr'><strong>neque</strong></span> <span class='ocrx_word' id='word_1_40' title='bbox 1132 1197 1255 1268; x_wconf 81' lang='lat' dir='ltr'><strong>mitius</strong></span> <span class='ocrx_word' id='word_1_41' title='bbox 1276 1197 1451 1296; x_wconf 79' lang='lat' dir='ltr'><strong>singulari</strong></span> <span class='ocrx_word' id='word_1_42' title='bbox 1473 1197 1580 1283; x_wconf 85' lang='lat' dir='ltr'><strong>serie,</strong></span> <span class='ocrx_word' id='word_1_43' title='bbox 1611 1193 1715 1270; x_wconf 77' lang='lat' dir='ltr'><strong>frons</strong></span> <span class='ocrx_word' id='word_1_44' title='bbox 1739 1197 1874 1270; x_wconf 89' lang='lat' dir='ltr'><strong>iterum</strong></span> <span class='ocrx_word' id='word_1_45' title='bbox 1899 1197 2084 1270; x_wconf 88' lang='lat' dir='ltr'><strong>contrahi·</strong></span> 
     </span>
     <span class='ocr_line' id='line_1_7' title="bbox 590 1317 2084 1440; baseline -0.005 -19"><span class='ocrx_word' id='word_1_46' title='bbox 590 1367 652 1422; x_wconf 91' lang='lat' dir='ltr'><strong>tur</strong></span> <span class='ocrx_word' id='word_1_47' title='bbox 681 1365 736 1434; x_wconf 88' lang='lat' dir='ltr'><strong>et,</strong></span> <span class='ocrx_word' id='word_1_48' title='bbox 770 1343 886 1416; x_wconf 88' lang='lat' dir='ltr'><strong>succis</strong></span> <span class='ocrx_word' id='word_1_49' title='bbox 909 1341 1072 1412; x_wconf 88' lang='lat' dir='ltr'><strong>nutritiis</strong></span> <span class='ocrx_word' id='word_1_50' title='bbox 1096 1317 1211 1437; x_wconf 79' lang='lat' dir='ltr'><strong>magis</strong></span> <span class='ocrx_word' id='word_1_51' title='bbox 1231 1341 1492 1427; x_wconf 71' lang='lat' dir='ltr'><strong>contemtum,</strong></span> <span class='ocrx_word' id='word_1_52' title='bbox 1527 1341 1741 1440; x_wconf 80' lang='lat' dir='ltr'><strong>genitalium</strong></span> <span class='ocrx_word' id='word_1_53' title='bbox 1773 1341 1990 1436; x_wconf 84' lang='lat' dir='ltr'><strong>primordie,</strong></span> <span class='ocrx_word' id='word_1_54' title='bbox 2019 1339 2084 1414; x_wconf 85' lang='lat' dir='ltr'><strong>sed</strong></span> 
     </span>
    </p>
   </div>
   <div class='ocr_carea' id='block_1_3' title="bbox 457 1485 2085 1586">
    <p class='ocr_par' dir='ltr' id='par_1_4' title="bbox 457 1485 2085 1586">
     <span class='ocr_line' id='line_1_8' title="bbox 457 1485 2085 1586; baseline -0.004 -21"><span class='ocrx_word' id='word_1_55' title='bbox 457 1579 463 1586; x_wconf 38' lang='grc'>,</span> <span class='ocrx_word' id='word_1_56' title='bbox 591 1516 632 1564; x_wconf 84' lang='lat' dir='ltr'><strong>es</strong></span> <span class='ocrx_word' id='word_1_57' title='bbox 651 1488 829 1562; x_wconf 79' lang='lat' dir='ltr'><strong>radicibus</strong></span> <span class='ocrx_word' id='word_1_58' title='bbox 852 1486 1046 1578; x_wconf 83' lang='lat' dir='ltr'><strong>imposita,</strong></span> <span class='ocrx_word' id='word_1_59' title='bbox 1072 1485 1274 1578; x_wconf 83' lang='lat' dir='ltr'><strong>prodeunt,</strong></span> <span class='ocrx_word' id='word_1_60' title='bbox 1301 1486 1451 1583; x_wconf 83' lang='lat' dir='ltr'><strong>quaein</strong></span> <span class='ocrx_word' id='word_1_61' title='bbox 1476 1488 1693 1573; x_wconf 81' lang='lat' dir='ltr'><strong>Inundatis,</strong></span> <span class='ocrx_word' id='word_1_62' title='bbox 1718 1503 1820 1560; x_wconf 84' lang='lat' dir='ltr'><strong>extra</strong></span> <span class='ocrx_word' id='word_1_63' title='bbox 1843 1486 1979 1560; x_wconf 83' lang='lat' dir='ltr'><strong>limites</strong></span> <span class='ocrx_word' id='word_1_64' title='bbox 2003 1509 2085 1584; x_wconf 86' lang='lat' dir='ltr'><strong>reg·</strong></span> 
     </span>
    </p>
   </div>
   <div class='ocr_carea' id='block_1_4' title="bbox 463 1628 2084 3730">
    <p class='ocr_par' dir='ltr' id='par_1_5' title="bbox 589 1628 1685 1730">
     <span class='ocr_line' id='line_1_9' title="bbox 589 1628 1685 1730; baseline -0.004 -24"><span class='ocrx_word' id='word_1_65' title='bbox 589 1633 630 1706; x_wconf 87' lang='lat' dir='ltr'><strong>ni</strong></span> <span class='ocrx_word' id='word_1_66' title='bbox 650 1628 893 1730; x_wconf 86' lang='lat' dir='ltr'><strong>primordialis</strong></span> <span class='ocrx_word' id='word_1_67' title='bbox 917 1629 1066 1725; x_wconf 90' lang='lat' dir='ltr'><strong>positis,</strong></span> <span class='ocrx_word' id='word_1_68' title='bbox 1093 1629 1250 1726; x_wconf 83' lang='lat' dir='ltr'><strong>denique</strong></span> <span class='ocrx_word' id='word_1_69' title='bbox 1274 1631 1428 1704; x_wconf 88' lang='lat' dir='ltr'><strong>ulterius</strong></span> <span class='ocrx_word' id='word_1_70' title='bbox 1451 1632 1685 1703; x_wconf 89' lang='lat' dir='ltr'><strong>evolvuntur.</strong></span> 
     </span>
    </p>

    <p class='ocr_par' dir='ltr' id='par_1_6' title="bbox 463 1771 2084 2425">
     <span class='ocr_line' id='line_1_10' title="bbox 685 1771 2084 1874; baseline -0.005 -24"><span class='ocrx_word' id='word_1_71' title='bbox 685 1775 902 1850; x_wconf 76' lang='lat' dir='ltr'><strong>Aretissimo</strong></span> <span class='ocrx_word' id='word_1_72' title='bbox 926 1792 1048 1845; x_wconf 87' lang='lat' dir='ltr'><strong>autem</strong></span> <span class='ocrx_word' id='word_1_73' title='bbox 1072 1797 1113 1845; x_wconf 83' lang='lat' dir='ltr'><strong>ac</strong></span> <span class='ocrx_word' id='word_1_74' title='bbox 1135 1775 1309 1874; x_wconf 85' lang='lat' dir='ltr'><strong>singulari</strong></span> <span class='ocrx_word' id='word_1_75' title='bbox 1334 1775 1484 1847; x_wconf 89' lang='lat' dir='ltr'><strong>vinculo</strong></span> <span class='ocrx_word' id='word_1_76' title='bbox 1509 1774 1687 1846; x_wconf 88' lang='lat' dir='ltr'><strong>limitibus</strong></span> <span class='ocrx_word' id='word_1_77' title='bbox 1712 1772 1791 1845; x_wconf 87' lang='lat' dir='ltr'><strong>istis</strong></span> <span class='ocrx_word' id='word_1_78' title='bbox 1817 1771 2001 1847; x_wconf 89' lang='lat' dir='ltr'><strong>adnexum</strong></span> <span class='ocrx_word' id='word_1_79' title='bbox 2026 1772 2084 1844; x_wconf 82' lang='lat' dir='ltr'><strong>vi·</strong></span> 
     </span>
     <span class='ocr_line' id='line_1_11' title="bbox 589 1917 2081 2014; baseline -0.001 -22"><span class='ocrx_word' id='word_1_80' title='bbox 589 1919 696 1992; x_wconf 88' lang='lat' dir='ltr'><strong>detur</strong></span> <span class='ocrx_word' id='word_1_81' title='bbox 721 1926 843 1992; x_wconf 87' lang='lat' dir='ltr'><strong>Genus</strong></span> <span class='ocrx_word' id='word_1_82' title='bbox 874 1922 1108 2014; x_wconf 82' lang='lat' dir='ltr'><strong>Equisetum‚</strong></span> <span class='ocrx_word' id='word_1_83' title='bbox 1141 1917 1242 2013; x_wconf 89' lang='lat' dir='ltr'><strong>quod</strong></span> <span class='ocrx_word' id='word_1_84' title='bbox 1266 1917 1403 1990; x_wconf 87' lang='lat' dir='ltr'><strong>scilicet</strong></span> <span class='ocrx_word' id='word_1_85' title='bbox 1426 1917 1679 1990; x_wconf 80' lang='lat' dir='ltr'><strong>instrumentis</strong></span> <span class='ocrx_word' id='word_1_86' title='bbox 1711 1940 1819 1989; x_wconf 82' lang='lat' dir='ltr'><strong>sexus</strong></span> <span class='ocrx_word' id='word_1_87' title='bbox 1844 1918 1930 1990; x_wconf 89' lang='lat' dir='ltr'><strong>licet</strong></span> <span class='ocrx_word' id='word_1_88' title='bbox 1957 1919 2081 1990; x_wconf 88' lang='lat' dir='ltr'><strong>minus</strong></span> 
     </span>
     <span class='ocr_line' id='line_1_12' title="bbox 588 2060 2083 2157; baseline -0.001 -22"><span class='ocrx_word' id='word_1_89' title='bbox 588 2063 777 2136; x_wconf 86' lang='lat' dir='ltr'><strong>evidenter</strong></span> <span class='ocrx_word' id='word_1_90' title='bbox 802 2062 1020 2157; x_wconf 84' lang='lat' dir='ltr'><strong>exploretis,</strong></span> <span class='ocrx_word' id='word_1_91' title='bbox 1051 2080 1172 2133; x_wconf 85' lang='lat' dir='ltr'><strong>tamen</strong></span> <span class='ocrx_word' id='word_1_92' title='bbox 1197 2079 1280 2134; x_wconf 90' lang='lat' dir='ltr'><strong>toto</strong></span> <span class='ocrx_word' id='word_1_93' title='bbox 1305 2060 1429 2135; x_wconf 86' lang='lat' dir='ltr'><strong>babitu</strong></span> <span class='ocrx_word' id='word_1_94' title='bbox 1458 2085 1499 2134; x_wconf 88' lang='lat' dir='ltr'><strong>ae</strong></span> <span class='ocrx_word' id='word_1_95' title='bbox 1520 2079 1720 2146; x_wconf 80' lang='lat' dir='ltr'><strong>structura,</strong></span> <span class='ocrx_word' id='word_1_96' title='bbox 1751 2061 1892 2153; x_wconf 83' lang='lat' dir='ltr'><strong>plantas</strong></span> <span class='ocrx_word' id='word_1_97' title='bbox 1913 2061 2083 2150; x_wconf 75' lang='lat' dir='ltr'><strong>altiores,</strong></span> 
     </span>
     <span class='ocr_line' id='line_1_13' title="bbox 463 2179 2079 2305; baseline -0.001 -25"><span class='ocrx_word' id='word_1_98' title='bbox 463 2226 484 2299; x_wconf 67' lang='lat'><strong>⁴,</strong></span> <span class='ocrx_word' id='word_1_99' title='bbox 586 2226 625 2280; x_wconf 88' lang='lat' dir='ltr'><strong>et</strong></span> <span class='ocrx_word' id='word_1_100' title='bbox 649 2195 819 2302; x_wconf 83' lang='lat' dir='ltr'><strong>inprimis</strong></span> <span class='ocrx_word' id='word_1_101' title='bbox 849 2201 1042 2305; x_wconf 82' lang='lat' dir='ltr'><strong>Goniferas</strong></span> <span class='ocrx_word' id='word_1_102' title='bbox 1067 2203 1117 2276; x_wconf 85' lang='lat' dir='ltr'><strong>ite</strong></span> <span class='ocrx_word' id='word_1_103' title='bbox 1140 2205 1297 2292; x_wconf 81' lang='lat' dir='ltr'><strong>simulat,</strong></span> <span class='ocrx_word' id='word_1_104' title='bbox 1324 2205 1427 2282; x_wconf 87' lang='lat' dir='ltr'><strong>utin</strong></span> <span class='ocrx_word' id='word_1_105' title='bbox 1449 2206 1728 2302; x_wconf 82' lang='lat' dir='ltr'><strong>Cryptogamiae</strong></span> <span class='ocrx_word' id='word_1_106' title='bbox 1753 2230 1895 2280; x_wconf 83' lang='lat' dir='ltr'><strong>summo</strong></span> <span class='ocrx_word' id='word_1_107' title='bbox 1923 2179 2079 2279; x_wconf 75' lang='lat' dir='ltr'><strong>cultuine</strong></span> 
     </span>
     <span class='ocr_line' id='line_1_14' title="bbox 587 2351 984 2425; baseline -0.013 -1"><span class='ocrx_word' id='word_1_108' title='bbox 587 2351 697 2425; x_wconf 85' lang='lat' dir='ltr'><strong>statui</strong></span> <span class='ocrx_word' id='word_1_109' title='bbox 722 2363 911 2420; x_wconf 83' lang='lat' dir='ltr'><strong>mereatur.</strong></span> <span class='ocrx_word' id='word_1_110' title='bbox 936 2387 984 2406; x_wconf 92' lang='lat'><em>-</em></span> 
     </span>
    </p>

    <p class='ocr_par' dir='ltr' id='par_1_7' title="bbox 685 2489 2078 2600">
     <span class='ocr_line' id='line_1_15' title="bbox 685 2489 2078 2600; baseline 0.002 -34"><span class='ocrx_word' id='word_1_111' title='bbox 685 2499 808 2593; x_wconf 82' lang='lat' dir='ltr'><strong>Q&#39;uum</strong></span> <span class='ocrx_word' id='word_1_112' title='bbox 827 2493 947 2590; x_wconf 82' lang='lat' dir='ltr'><strong>itaque</strong></span> <span class='ocrx_word' id='word_1_113' title='bbox 966 2490 1079 2566; x_wconf 82' lang='lat' dir='ltr'><strong>vitam</strong></span> <span class='ocrx_word' id='word_1_114' title='bbox 1094 2489 1332 2588; x_wconf 81' lang='lat' dir='ltr'><strong>vegetabilem</strong></span> <span class='ocrx_word' id='word_1_115' title='bbox 1348 2493 1400 2600; x_wconf 75' lang='lat' dir='ltr'><strong>ab¹</strong></span> <span class='ocrx_word' id='word_1_116' title='bbox 1410 2491 1642 2565; x_wconf 88' lang='lat' dir='ltr'><strong>incunabulis</strong></span> <span class='ocrx_word' id='word_1_117' title='bbox 1657 2491 1702 2566; x_wconf 87' lang='lat' dir='ltr'><strong>ad</strong></span> <span class='ocrx_word' id='word_1_118' title='bbox 1717 2492 1854 2566; x_wconf 86' lang='lat' dir='ltr'><strong>limites</strong></span> <span class='ocrx_word' id='word_1_119' title='bbox 1873 2493 2078 2590; x_wconf 85' lang='lat' dir='ltr'><strong>superiores</strong></span> 
     </span>
    </p>

    <p class='ocr_par' dir='ltr' id='par_1_8' title="bbox 786 2625 1869 2734">
     <span class='ocr_line' id='line_1_16' title="bbox 786 2625 1869 2734; baseline 0.003 -26"><span class='ocrx_word' id='word_1_120' title='bbox 786 2660 852 2732; x_wconf 86' lang='lat' dir='ltr'><strong>per</strong></span> <span class='ocrx_word' id='word_1_121' title='bbox 876 2637 1118 2710; x_wconf 81' lang='lat' dir='ltr'><strong>Folictionem</strong></span> <span class='ocrx_word' id='word_1_122' title='bbox 1143 2653 1180 2708; x_wconf 86' lang='lat' dir='ltr'><strong>et</strong></span> <span class='ocrx_word' id='word_1_123' title='bbox 1205 2625 1518 2734; x_wconf 81' lang='lat' dir='ltr'><strong>Efflorescenticm</strong></span> <span class='ocrx_word' id='word_1_124' title='bbox 1542 2633 1587 2708; x_wconf 85' lang='lat' dir='ltr'><strong>ad</strong></span> <span class='ocrx_word' id='word_1_125' title='bbox 1612 2640 1869 2712; x_wconf 70' lang='lat' dir='ltr'><strong>uenerationis</strong></span> 
     </span>
    </p>

    <p class='ocr_par' dir='ltr' id='par_1_9' title="bbox 583 2777 2077 3020">
     <span class='ocr_line' id='line_1_17' title="bbox 583 2777 2077 2884; baseline 0.001 -30"><span class='ocrx_word' id='word_1_126' title='bbox 583 2780 701 2877; x_wconf 86' lang='lat' dir='ltr'><strong>prima</strong></span> <span class='ocrx_word' id='word_1_127' title='bbox 741 2781 893 2880; x_wconf 81' lang='lat' dir='ltr'><strong>vestigia</strong></span> <span class='ocrx_word' id='word_1_128' title='bbox 933 2780 1059 2853; x_wconf 83' lang='lat' dir='ltr'><strong>animo</strong></span> <span class='ocrx_word' id='word_1_129' title='bbox 1095 2777 1393 2875; x_wconf 83' lang='lat' dir='ltr'><strong>perduxerimus,</strong></span> <span class='ocrx_word' id='word_1_130' title='bbox 1430 2801 1575 2852; x_wconf 85' lang='lat' dir='ltr'><strong>necesse</strong></span> <span class='ocrx_word' id='word_1_131' title='bbox 1617 2798 1672 2855; x_wconf 88' lang='lat' dir='ltr'><strong>est</strong></span> <span class='ocrx_word' id='word_1_132' title='bbox 1703 2781 1757 2856; x_wconf 85' lang='lat' dir='ltr'><strong>ad.</strong></span> <span class='ocrx_word' id='word_1_133' title='bbox 1783 2801 1916 2858; x_wconf 83' lang='lat' dir='ltr'><strong>terram</strong></span> <span class='ocrx_word' id='word_1_134' title='bbox 1951 2803 2077 2884; x_wconf 86' lang='lat' dir='ltr'><strong>rursus</strong></span> 
     </span>
     <span class='ocr_line' id='line_1_18' title="bbox 584 2903 1571 3020; baseline 0.003 -25"><span class='ocrx_word' id='word_1_135' title='bbox 584 2903 841 2999; x_wconf 77' lang='lat' dir='ltr'><strong>descendamus</strong></span> <span class='ocrx_word' id='word_1_136' title='bbox 866 2947 931 3020; x_wconf 91' lang='lat' dir='ltr'><strong>per</strong></span> <span class='ocrx_word' id='word_1_137' title='bbox 955 2925 1066 2998; x_wconf 82' lang='lat' dir='ltr'><strong>stadia</strong></span> <span class='ocrx_word' id='word_1_138' title='bbox 1090 2923 1159 2996; x_wconf 88' lang='lat' dir='ltr'><strong>tria</strong></span> <span class='ocrx_word' id='word_1_139' title='bbox 1183 2923 1388 3020; x_wconf 87' lang='lat' dir='ltr'><strong>sequentia,</strong></span> <span class='ocrx_word' id='word_1_140' title='bbox 1414 2922 1571 2998; x_wconf 78' lang='lat' dir='ltr'><strong>scilicet:</strong></span> 
     </span>
    </p>

    <p class='ocr_par' dir='ltr' id='par_1_10' title="bbox 579 3051 2074 3730">
     <span class='ocr_line' id='line_1_19' title="bbox 755 3051 1890 3169; baseline 0 -27"><span class='ocrx_word' id='word_1_141' title='bbox 755 3051 1133 3169; x_wconf 54' lang='lat' dir='ltr'><strong>&#39;&#39;Wucn&#39;ficationem</strong></span> <span class='ocrx_word' id='word_1_142' title='bbox 1160 3068 1436 3140; x_wconf 83' lang='lat' dir='ltr'><strong>Dehiscentimn</strong></span> <span class='ocrx_word' id='word_1_143' title='bbox 1460 3085 1497 3140; x_wconf 89' lang='lat' dir='ltr'><strong>et</strong></span> <span class='ocrx_word' id='word_1_144' title='bbox 1525 3072 1890 3156; x_wconf 58' lang='lat' dir='ltr'><strong>Dissemtnartonem</strong></span> 
     </span>
     <span class='ocr_line' id='line_1_20' title="bbox 583 3173 2074 3316; baseline 0.007 -40"><span class='ocrx_word' id='word_1_145' title='bbox 583 3203 615 3276; x_wconf 89' lang='lat' dir='ltr'><strong>si</strong></span> <span class='ocrx_word' id='word_1_146' title='bbox 639 3201 787 3300; x_wconf 85' lang='lat' dir='ltr'><strong>quidem</strong></span> <span class='ocrx_word' id='word_1_147' title='bbox 815 3207 910 3278; x_wconf 87' lang='lat' dir='ltr'><strong>vitae</strong></span> <span class='ocrx_word' id='word_1_148' title='bbox 934 3208 1143 3306; x_wconf 85' lang='lat' dir='ltr'><strong>vegetabilis</strong></span> <span class='ocrx_word' id='word_1_149' title='bbox 1175 3212 1302 3283; x_wconf 85' lang='lat' dir='ltr'><strong>orbem</strong></span> <span class='ocrx_word' id='word_1_150' title='bbox 1327 3211 1513 3285; x_wconf 85' lang='lat' dir='ltr'><strong>absolvere</strong></span> <span class='ocrx_word' id='word_1_151' title='bbox 1543 3173 1762 3312; x_wconf 43' lang='lat' dir='ltr'><strong>cogitamus:</strong></span> <span class='ocrx_word' id='word_1_152' title='bbox 1806 3215 1945 3316; x_wconf 81' lang='lat' dir='ltr'><strong>Quibus</strong></span> <span class='ocrx_word' id='word_1_153' title='bbox 1977 3213 2074 3287; x_wconf 84' lang='lat' dir='ltr'><strong>vitae</strong></span> 
     </span>
     <span class='ocr_line' id='line_1_21' title="bbox 581 3349 2074 3456; baseline 0.006 -37"><span class='ocrx_word' id='word_1_154' title='bbox 581 3349 741 3444; x_wconf 81' lang='lat' dir='ltr'><strong>periodis</strong></span> <span class='ocrx_word' id='word_1_155' title='bbox 771 3349 866 3422; x_wconf 87' lang='lat' dir='ltr'><strong>intra</strong></span> <span class='ocrx_word' id='word_1_156' title='bbox 890 3349 1045 3422; x_wconf 82' lang='lat' dir='ltr'><strong>Limites</strong></span> <span class='ocrx_word' id='word_1_157' title='bbox 1078 3355 1184 3451; x_wconf 88' lang='lat' dir='ltr'><strong>regni</strong></span> <span class='ocrx_word' id='word_1_158' title='bbox 1216 3355 1506 3452; x_wconf 85' lang='lat' dir='ltr'><strong>Cryptogamici‚</strong></span> <span class='ocrx_word' id='word_1_159' title='bbox 1539 3358 1666 3454; x_wconf 89' lang='lat' dir='ltr'><strong>(quod</strong></span> <span class='ocrx_word' id='word_1_160' title='bbox 1694 3359 1809 3456; x_wconf 88' lang='lat' dir='ltr'><strong>probe</strong></span> <span class='ocrx_word' id='word_1_161' title='bbox 1842 3358 2074 3450; x_wconf 86' lang='lat' dir='ltr'><strong>notandum)</strong></span> 
     </span>
     <span class='ocr_line' id='line_1_22' title="bbox 579 3495 2073 3596; baseline 0.009 -34"><span class='ocrx_word' id='word_1_162' title='bbox 579 3495 799 3589; x_wconf 82' lang='lat' dir='ltr'><strong>plantarum</strong></span> <span class='ocrx_word' id='word_1_163' title='bbox 825 3499 1150 3596; x_wconf 76' lang='lat' dir='ltr'><strong>Mycetoidearttm</strong></span> <span class='ocrx_word' id='word_1_164' title='bbox 1169 3497 1306 3572; x_wconf 84' lang='lat' dir='ltr'><strong>familia</strong></span> <span class='ocrx_word' id='word_1_165' title='bbox 1332 3500 1619 3596; x_wconf 79' lang='lat' dir='ltr'><strong>amplissimam</strong></span> <span class='ocrx_word' id='word_1_166' title='bbox 1642 3505 1801 3580; x_wconf 85' lang='lat' dir='ltr'><strong>maxime</strong></span> <span class='ocrx_word' id='word_1_167' title='bbox 1824 3501 2073 3580; x_wconf 84' lang='lat' dir='ltr'><strong>memorabilis</strong></span> 
     </span>
     <span class='ocr_line' id='line_1_23' title="bbox 581 3635 993 3730; baseline 0.015 -24"><span class='ocrx_word' id='word_1_168' title='bbox 581 3639 800 3730; x_wconf 83' lang='lat' dir='ltr'><strong>respondere</strong></span> <span class='ocrx_word' id='word_1_169' title='bbox 824 3635 993 3714; x_wconf 66' lang='lat' dir='ltr'><strong>videritn-</strong></span> 
     </span>
    </p>
   </div>
   <div class='ocr_carea' id='block_1_5' title="bbox 577 3780 2071 4016">
    <p class='ocr_par' dir='ltr' id='par_1_11' title="bbox 577 3780 2071 4016">
     <span class='ocr_line' id='line_1_24' title="bbox 680 3780 2071 3890; baseline 0.009 -40"><span class='ocrx_word' id='word_1_170' title='bbox 680 3780 901 3852; x_wconf 83' lang='lat' dir='ltr'><strong>Plcntcrum</strong></span> <span class='ocrx_word' id='word_1_171' title='bbox 920 3788 1254 3885; x_wconf 62' lang='lat' dir='ltr'><strong>repetendarum,</strong></span> <span class='ocrx_word' id='word_1_172' title='bbox 1279 3809 1343 3858; x_wconf 83' lang='lat' dir='ltr'><strong>seu</strong></span> <span class='ocrx_word' id='word_1_173' title='bbox 1360 3790 1668 3864; x_wconf 83' lang='lat' dir='ltr'><strong>succedanearmn</strong></span> <span class='ocrx_word' id='word_1_174' title='bbox 1686 3787 1725 3884; x_wconf 90' lang='grc'><strong>*)</strong></span> <span class='ocrx_word' id='word_1_175' title='bbox 1745 3791 1985 3868; x_wconf 80' lang='lat' dir='ltr'><strong>characterem</strong></span> <span class='ocrx_word' id='word_1_176' title='bbox 2002 3815 2071 3890; x_wconf 86' lang='lat' dir='ltr'><strong>ge·</strong></span> 
     </span>
     <span class='ocr_line' id='line_1_25' title="bbox 577 3921 1306 4016; baseline 0.018 -27"><span class='ocrx_word' id='word_1_177' title='bbox 577 3921 741 3992; x_wconf 83' lang='lat' dir='ltr'><strong>neralem</strong></span> <span class='ocrx_word' id='word_1_178' title='bbox 761 3923 927 4016; x_wconf 81' lang='lat' dir='ltr'><strong>sequenti</strong></span> <span class='ocrx_word' id='word_1_179' title='bbox 950 3931 1061 4009; x_wconf 86' lang='lat' dir='ltr'><strong>modo</strong></span> <span class='ocrx_word' id='word_1_180' title='bbox 1093 3927 1306 4002; x_wconf 84' lang='lat' dir='ltr'><strong>delinimus:</strong></span> 
     </span>
    </p>
   </div>
   <div class='ocr_carea' id='block_1_6' title="bbox 730 4067 2070 4184">
    <p class='ocr_par' dir='ltr' id='par_1_12' title="bbox 730 4067 2070 4184">
     <span class='ocr_line' id='line_1_26' title="bbox 730 4067 2070 4184; baseline 0.009 -44"><span class='ocrx_word' id='word_1_181' title='bbox 730 4067 892 4140; x_wconf 80' lang='lat' dir='ltr'><strong>Plantae</strong></span> <span class='ocrx_word' id='word_1_182' title='bbox 924 4079 1229 4174; x_wconf 75' lang='lat' dir='ltr'><strong>cryptoganticae</strong></span> <span class='ocrx_word' id='word_1_183' title='bbox 1241 4127 1251 4162; x_wconf 88' lang='lat'>‚</span> <span class='ocrx_word' id='word_1_184' title='bbox 1281 4073 1496 4176; x_wconf 79' lang='lat' dir='ltr'><strong>plerumque</strong></span> <span class='ocrx_word' id='word_1_185' title='bbox 1517 4073 1703 4180; x_wconf 76' lang='lat' dir='ltr'><strong>fugaces,</strong></span> <span class='ocrx_word' id='word_1_186' title='bbox 1736 4083 1904 4178; x_wconf 80' lang='lat' dir='ltr'><strong>partium</strong></span> <span class='ocrx_word' id='word_1_187' title='bbox 1928 4074 2070 4184; x_wconf 77' lang='lat' dir='ltr'><strong>fmcti·</strong></span> 
     </span>
    </p>
   </div>
   <div class='ocr_carea' id='block_1_7' title="bbox 1965 4221 2068 4328">
    <p class='ocr_par' dir='ltr' id='par_1_13' title="bbox 1965 4221 2068 4328">
     <span class='ocr_line' id='line_1_27' title="bbox 1965 4221 2068 4328; baseline 0 -45"><span class='ocrx_word' id='word_1_188' title='bbox 1965 4221 2068 4328; x_wconf 68' lang='lat' dir='ltr'><em>fica.</em></span> 
     </span>
    </p>
   </div>
   <div class='ocr_carea' id='block_1_8' title="bbox 628 4395 2063 4662">
    <p class='ocr_par' dir='ltr' id='par_1_14' title="bbox 628 4395 2063 4662">
     <span class='ocr_line' id='line_1_28' title="bbox 628 4395 2063 4542; baseline 0.015 -41"><span class='ocrx_word' id='word_1_189' title='bbox 628 4435 660 4524; x_wconf 74' lang='lat'><strong>¹)</strong></span> <span class='ocrx_word' id='word_1_190' title='bbox 690 4437 777 4504; x_wconf 85' lang='lat' dir='ltr'><strong>Cum</strong></span> <span class='ocrx_word' id='word_1_191' title='bbox 807 4395 827 4503; x_wconf 80' lang='lat' dir='ltr'><strong>e</strong></span> <span class='ocrx_word' id='word_1_192' title='bbox 855 4449 964 4504; x_wconf 84' lang='lat' dir='ltr'><strong>morte</strong></span> <span class='ocrx_word' id='word_1_193' title='bbox 995 4439 1232 4524; x_wconf 84' lang='lat' dir='ltr'><strong>perlectioruru</strong></span> <span class='ocrx_word' id='word_1_194' title='bbox 1266 4449 1457 4515; x_wconf 84' lang='lat' dir='ltr'><strong>viventium</strong></span> <span class='ocrx_word' id='word_1_195' title='bbox 1483 4447 1667 4537; x_wconf 82' lang='lat' dir='ltr'><strong>prodeant,</strong></span> <span class='ocrx_word' id='word_1_196' title='bbox 1696 4399 1839 4536; x_wconf 64' lang='lat' dir='ltr'><strong>renum</strong></span> <span class='ocrx_word' id='word_1_197' title='bbox 1860 4457 2063 4542; x_wconf 81' lang='lat' dir='ltr'><strong>proprium,</strong></span> 
     </span>
     <span class='ocr_line' id='line_1_29' title="bbox 688 4561 2044 4662; baseline 0.015 -32"><span class='ocrx_word' id='word_1_198' title='bbox 688 4583 711 4630; x_wconf 81' lang='lat' dir='ltr'><strong>a</strong></span> <span class='ocrx_word' id='word_1_199' title='bbox 731 4561 873 4650; x_wconf 84' lang='lat' dir='ltr'><strong>reliquie</strong></span> <span class='ocrx_word' id='word_1_200' title='bbox 893 4561 1036 4630; x_wconf 84' lang='lat' dir='ltr'><strong>lemillia</strong></span> <span class='ocrx_word' id='word_1_201' title='bbox 1058 4569 1297 4654; x_wconf 76' lang='lat' dir='ltr'><strong>vegetabilium</strong></span> <span class='ocrx_word' id='word_1_202' title='bbox 1321 4573 1424 4662; x_wconf 82' lang='lat' dir='ltr'><strong>lunge</strong></span> <span class='ocrx_word' id='word_1_203' title='bbox 1444 4577 1621 4658; x_wconf 79' lang='lat' dir='ltr'><strong>secedens,</strong></span> <span class='ocrx_word' id='word_1_204' title='bbox 1648 4579 1901 4647; x_wconf 73' lang='lat' dir='ltr'><strong>contituentes.</strong></span> <span class='ocrx_word' id='word_1_205' title='bbox 2039 4605 2044 4615; x_wconf 91' lang='lat'><em>·</em></span> 
     </span>
    </p>
   </div>
   <div class='ocr_carea' id='block_1_9' title="bbox 0 0 2314 5348">
    <p class='ocr_par' dir='ltr' id='par_1_15' title="bbox 0 0 2314 5348">
     <span class='ocr_line' id='line_1_30' title="bbox 0 0 2314 5348; baseline 0 5"><span class='ocrx_word' id='word_1_206' title='bbox 0 0 2314 5348; x_wconf 95' lang='lat' dir='ltr'><strong> </strong></span> 
     </span>
    </p>
   </div>
  </div>
 </body>
</html>
